@article{Chudova2017,
author = {Chudova, N. V. and Panov, A. I.},
doi = {10.3103/S014768821706003X},
file = {:C$\backslash$:/Users/sanek/Documents/Mendeley Desktop/Chudova, Panov/2017/Causal Inference in Psychological Data in the Case of Aggression(2).pdf:pdf},
journal = {Scientific and Technical Information Processing},
keywords = {13-06-00658,aggression,aq rules,causal inference,cause and effect relationship,doi,frccsc,jsm method,machine learning,mypubtr,psychodiagnostics testing},
mendeley-groups = {my{\_}publications},
mendeley-tags = {13-06-00658,frccsc,mypubtr},
number = {6},
pages = {424--429},
title = {{Causal Inference in Psychological Data in the Case of Aggression}},
volume = {44},
year = {2017}
}
@inproceedings{Boyko2016,
abstract = {Increasing amount of scientific publications makes it difficult to conduct a comprehensive review and objectively compare results of previous researches. In some areas of research it is also difficult to extract regularities without computer aid due to complexity of experimental setup and results. Cancer treatment using dendritic cell vaccines is such an area. In this paper we describe a framework for semi-automatic information extraction and further analysis. We also present a case study in the field of dendritic cell vaccination and the corresponding experimental results, which include analysis of separability, classification and regression quality evaluation and cause relations mining.},
author = {Boyko, A. A. and Kaidina, A. M. and Kim, Y. C. and Lupatov, A. Yu. and Panov, A. I. and Suvorov, R. E. and Shvets, A. V.},
booktitle = {2016 IEEE 8th International Conference on Intelligent Systems (IS)},
doi = {10.1109/IS.2016.7737416},
editor = {Yager, Ronald and Sgurev, Vassil and Hadjiski, Mincho and Jotsov, Vladimir},
file = {:C$\backslash$:/Users/sanek/Documents/Mendeley Desktop/Boyko et al/2016/A framework for automated meta-analysis Dendritic cell therapy case study.pdf:pdf},
isbn = {978-1-5090-1354-8},
keywords = {13-07-12127,15-59-31516,anticancer vaccine,aq-method,causal relations,data mining,dendritic cell therapy,elibrary,frccsc,genetic algorithm,jsm-method,myconf,natural language processing,scopus,wos{\_}core},
mendeley-groups = {my{\_}publications},
mendeley-tags = {13-07-12127,15-59-31516,elibrary,frccsc,myconf,scopus,wos{\_}core},
pages = {160--166},
publisher = {IEEE},
title = {{A framework for automated meta-analysis: Dendritic cell therapy case study}},
url = {http://ieeexplore.ieee.org/document/7737416/},
year = {2016}
}
@inproceedings{Lupatov2015,
abstract = {Dendritic cells (DCs) vaccination is a promising way to contend cancer metastases especially in the case of immunogenic tumors. Unfortunately, it is only rarely possible to achieve a satisfactory clinical outcome in the majority of patients treated with a particular DC vaccine. Apparently, DC vaccination can be successful with certain combinations of features of the tumor and patients immune system that are not yet fully revealed. Difficulty in predicting the results of the therapy and high price of preparation of individual vaccines prevent wider use of DC vaccines in medical practice. Here we propose an approach aimed to uncover correlation between the effectiveness of specific DC vaccine types and personal characteristics of patients to increase efficiency of cancer treatment and reduce prices. To accomplish this, we suggest two-step analysis of published clinical trials results for DCs vaccines: first, the information extraction subsystem is trained, and, second, the extracted data is analyzed using JSM and AQ methodology.},
author = {Lupatov, A. Yu. and Panov, A. I. and Suvorov, R. E. and Shvets, A. V. and Yarygin, K. N. and Volkova, G. D.},
booktitle = {Proceedings of ICPRAM 2015 - 4th International Conference on Pattern Recognition Applications and Methods},
doi = {10.5220/0005248802700276},
editor = {Figueiredo, M. and Fred, A. and {De Marsico}, M.},
file = {:C$\backslash$:/Users/sanek/Documents/Mendeley Desktop/Lupatov et al/2015/Assessment of Dendritic Cell Therapy Effectiveness Based on the Feature Extraction from Scientific Publications.pdf:pdf;:C$\backslash$:/Users/sanek/Documents/Mendeley Desktop/Lupatov et al/2015/Assessment of Dendritic Cell Therapy Effectiveness Based on the Feature Extraction from Scientific Publications.pdf:pdf},
isbn = {9789897580772},
keywords = {13-07-12127,AQ-method,Anticancer vaccine,Cell therapy,Data mining,Dendritic cells,Genetic algorithm,JSM-method,Natural language processing,Text mining,elibrary,myconf,scopus},
mendeley-groups = {my{\_}publications},
mendeley-tags = {13-07-12127,elibrary,myconf,scopus},
pages = {270--276},
publisher = {SciTePress},
title = {{Assessment of Dendritic Cell Therapy Effectiveness Based on the Feature Extraction from Scientific Publications}},
volume = {2},
year = {2015}
}
@article{Panov2015a,
abstract = {A technique for retrieving causal connections of binary relationships from a set of fact bases is suggested. The fact bases are formed for the target properties of each class of objects. The class descriptions are formed by habituation on data from a loosely formalized object domain. The habituation is organized using a co-evolutional genetic algorithm that reduces the initial feature space. The cause?and?effect relationships for all target properties are sought by the formed optimized class descriptions using stage one of the DSM method. The suggested technique is suitable for the analysis of the full data in small amounts and large incomplete data arrays. Several model experiments using the MIMIC II medical database were conducted.},
author = {Panov, A. I. and Shvets, A. V. and Volkova, G. D.},
doi = {10.3103/S0147688215060039},
file = {:C$\backslash$:/Users/sanek/Documents/Mendeley Desktop/Panov, Shvets, Volkova/2015/A Technique for Retrieving Cause and Effect Relationships from Optimized Fact Bases.pdf:pdf},
journal = {Scientific and Technical Information Processing},
keywords = {13-07-12127,14-07-31194,mypubtr,scopus,wos{\_}core},
mendeley-groups = {my{\_}publications},
mendeley-tags = {13-07-12127,14-07-31194,mypubtr,scopus,wos{\_}core},
number = {6},
pages = {420--425},
title = {{A Technique for Retrieving Cause and Effect Relationships from Optimized Fact Bases}},
url = {http://link.springer.com/article/10.3103/S0147688215060039},
volume = {42},
year = {2015}
}
@article{Boiko2015,
abstract = {Ускоряющееся увеличение количества публикаций приводит к практической невозможности проведения ручных полных обзоров результатов исследований в различных областях науки. Также в некоторых областях исследований достаточно сложно выявлять закономерности без привлечения специальных методов обработки данных. Лечение рака с помощью дендритноклеточных вакцин является к одним из таких направлений исследований. В настоящей работе представлена система полуавтоматического извлечения и анализа информации из научных публикаций. Представлены экспериментальные результаты разработанных и примененных методов по разделению, классификации пациентов и извлечению причинно-следственных связей для задачи установления успешности лечения пациентов различными типами дендритноклеточных вакцин.},
author = {Бойко, А. А. and Кайдина, А. М. and Ким, Я. С. and Лупатов, А. Ю. and Панов, А. И. and Суворов, Р. Е. and Швец, А. В.},
file = {:C$\backslash$:/Users/sanek/Documents/Mendeley Desktop/Бойко et al/2015/Система анализа данных из научных источников на примере текстов по дендритноклеточным вакцинам.doc:doc;:C$\backslash$:/Users/sanek/Documents/Mendeley Desktop/Бойко et al/2015/Система анализа данных из научных источников на примере текстов по дендритноклеточным вакцинам.pdf:pdf},
journal = {Труды Института Системного Анализа РАН},
keywords = {13-07-12127,15-59-31516,AQ-метод,elibrary,mypub,vak,ДСМ-метод,анализ естественного языка,анализ текста,генетические алгоритмы,дендритные клетки,клеточная терапия,машинное обучение,причинно-следственные связи,противораковая вакцина},
language = {russian},
mendeley-groups = {my{\_}publications},
mendeley-tags = {13-07-12127,15-59-31516,elibrary,mypub,vak},
number = {4},
pages = {54--63},
title = {{Система анализа данных из научных источников на примере текстов по дендритноклеточным вакцинам}},
volume = {65},
year = {2015}
}
@article{Chudova2016,
abstract = {Проведено психологическое эмпирическое исследование связи агрессивности с различными личностными особенностями, представлены результаты, полученные для различных форм агрессивности, в том числе с применением метода машинного обучения AQJSM. По выделенным классам (группам с высокими показателями по данным опросника на агрессивность) с использованием предобработки данных с помощью генерации AQ-правил и индуктивного вывода в стиле ДСМ осуществляется поиск причинно-следственных отношений для всех целевых свойств выделенных групп. Используемый метод подходит как для анализа небольшого количества полных данных, так и для работы с массивами неполных данных большого размера. Показано как метод AQJSM позволяет проводить на данных психодиагностического обследования автоматический синдромный анализ.},
author = {Чудова, Н. В. and Панов, А. И.},
file = {:C$\backslash$:/Users/sanek/Documents/Mendeley Desktop/Чудова, Панов/2016/Извлечение причинно-следственных отношений из данных психологического исследования на материале изучения агрессивности.docx:docx;:C$\backslash$:/Users/sanek/Documents/Mendeley Desktop/Чудова, Панов/2016/Извлечение причинно-следственных отношений из данных психологического исследования на материале изучения агрессивности.pdf:pdf},
issn = {2071-8594},
journal = {Искусственный интеллект и принятие решений},
keywords = {13-06-00658,AQ-правила,elibrary,frccsc,mypub,vak,ДСМ-метод,агрессивность,машинное обучение,причинно-следственные отношения,психодиагностическое исследование},
language = {russian},
mendeley-groups = {my{\_}publications},
mendeley-tags = {13-06-00658,elibrary,frccsc,mypub,vak},
number = {4},
pages = {38--46},
title = {{Извлечение причинно-следственных отношений из данных психологического исследования на материале изучения агрессивности}},
url = {http://aidt.ru/index.php?option=com{\_}content{\&}view=article{\&}id=737:n-v-chudova-a-i-panov-izvlechenie-prichinno-sledstvennykh-otnoshenij-iz-dannykh-psikhologicheskogo-issledovaniya-na-materiale-izucheniya-agressivnosti{\&}catid=289:izvlechenie-znanij{\&}Itemid=193{\&}},
year = {2016}
}
@article{Panov2015d,
abstract = {В работе предлагается и исследуется метод извлечения причинно-следственных (каузальных) бинарных отношений из множества баз фактов. Базы фактов строятся для целевых свойств каждого класса объектов. Описание классов формируются в результате обучения на данных из слабо формализованной предметной области. Обучение проводится с использованием коэволюционного генетического алгоритма, сокращающего начальное пространство признаков. По сформированным оптимизированным описаниям классов с помощью первого этапа ДСМ-метода осуществляется поиск причинно-следственных отношений для всех целевых свойств. Предложенный метод подходит как для анализа небольшого количества полных данных, так и для работы с массивами неполных данных большого размера. Проведен ряд модельных экспериментов с использованием базы медицинских данных MIMIC II.},
author = {Панов, А. И. and Швец, А. В. and Волкова, Г. Д.},
file = {:C$\backslash$:/Users/sanek/Documents/Mendeley Desktop/Панов, Швец, Волкова/2015/Метод извлечения причинно-следственных связей с использованием оптимизированных баз фактов.doc:doc;:C$\backslash$:/Users/sanek/Documents/Mendeley Desktop/Панов, Швец, Волкова/2015/Метод извлечения причинно-следственных связей с использованием оптимизированных баз фактов.pdf:pdf},
journal = {Искусственный интеллект и принятие решений},
keywords = {13-07-12127,14-07-31194,AQ-обучение,elibrary,mypub,vak,wos{\_}rsci,ДСМ-метод,генетический алгоритм,машинное обучение,причинно-следственные отношения},
language = {russian},
mendeley-groups = {my{\_}publications},
mendeley-tags = {13-07-12127,14-07-31194,elibrary,mypub,vak,wos{\_}rsci},
number = {1},
pages = {27--34},
title = {{Метод извлечения причинно-следственных связей с использованием оптимизированных баз фактов}},
url = {https://elibrary.ru/item.asp?id=25000276},
year = {2015}
}
@inproceedings{Panov2014b,
abstract = {В работе представлен метод предварительного обучения на данных большого объема для составления компактной базы фактов, используемой в задаче выявления причинно-следственных связей. Проводится сравнение методов, использующих классический алгоритм AQ-обучения и эволюционный алгоритм генерации покрытий. Оба алгоритма позволяют сокращать признаковое пространство, на котором проходит поиск гипотез ДСМ-методом. Приводятся результаты экспериментов на данных психологического тестирования.},
address = {Казань},
author = {Панов, А. И. and Швец, А. В.},
booktitle = {Четырнадцатая национальная конференция по искусственному интеллекту с международным участием КИИ–2014 (24–27 сентября 2014г., г. Казань, Россия): Труды конференции},
file = {:C$\backslash$:/Users/sanek/Documents/Mendeley Desktop/Панов, Швец/2014/Эволюционный метод покрытий для составления базы фактов ДСМ–метода.pdf:pdf;:C$\backslash$:/Users/sanek/Documents/Mendeley Desktop/Панов, Швец/2014/Эволюционный метод покрытий для составления базы фактов ДСМ–метода.doc:doc},
keywords = {14-07-31194,AQ-обучение,myconf,ДСМ-метод,оптимизация базы фактов,предварительное обучение,причинно-следственные отношения,эволюционный алгоритм},
language = {russian},
mendeley-groups = {my{\_}publications},
mendeley-tags = {14-07-31194,myconf},
pages = {323--330},
publisher = {Издательство КФУ},
title = {{Эволюционный метод покрытий для составления базы фактов ДСМ–метода}},
volume = {2},
year = {2014}
}
@article{Panov2014e,
abstract = {A shared use of the AQ learning and JSM method in extracting cause–effect relationships from psychological test data is considered. The AQ learning is used to descript a test group using rules. The group description is a basis for constructing the factbase of the JSM method. The first stage of the JSM method is used for hypothesizing on cause–effect relationships in the factbase. A complete algorithm of the developed method is described and recommendations for its use are provided. A contrasting analysis of the results of the proposed method and statistical processing results is performed.},
author = {Panov, A. I.},
doi = {10.3103/S0147688214050049},
file = {:C$\backslash$:/Users/sanek/Documents/Mendeley Desktop/Panov/2014/Extraction of Cause – Effect Relationships from Psychological Test Data Using Logical Methods.pdf:pdf},
isbn = {0147688214050},
journal = {Scientific and Technical Information Processing},
keywords = {10-06-00834,12-07-00611,12-07-31057,AQ learning,JSM method,cause-effect relationships,data mining,mypubtr,psychological testing,scopus,statistical analysis},
mendeley-groups = {my{\_}publications},
mendeley-tags = {10-06-00834,12-07-00611,12-07-31057,mypubtr,scopus},
number = {5},
pages = {275--282},
title = {{Extraction of Cause – Effect Relationships from Psychological Test Data Using Logical Methods}},
url = {http://link.springer.com/article/10.3103/S0147688214050049},
volume = {41},
year = {2014}
}
@article{Panov2013,
abstract = {Работа посвящена совместному использованию AQ-обучения и ДСМ-метода в задаче выявления причинно-следственных связей в данных психологического тестирования. AQ-обучение применяется для построения описания группы испытуемых с помощью правил. Описание группы служит основой построения базы фактов ДСМ-метода. Для выдвижения гипотез о наличии причинно-следственных связей в базе фактов используется первый этап ДСМ-метода. Описан полный алгоритм разработанного метода, предлагаются рекомендации по его применению. Проводится сравнительный анализ результатов, полученных с помощью предложенного метода, с результатами статистической обработки.},
author = {Панов, А. И.},
file = {:C$\backslash$:/Users/sanek/Documents/Mendeley Desktop/Панов/2013/Выявление причинно-следственных связей в данных психологического тестирования логическими методами.pdf:pdf;:C$\backslash$:/Users/sanek/Documents/Mendeley Desktop/Панов/2013/Выявление причинно-следственных связей в данных психологического тестирования логическими методами(2).pdf:pdf;:C$\backslash$:/Users/sanek/Documents/Mendeley Desktop/Панов/2013/Выявление причинно-следственных связей в данных психологического тестирования логическими методами.docx:docx},
journal = {Искусственный интеллект и принятие решений},
keywords = {10-06-00834,12-07-00611,12-07-31057,AQ-обучение,elibrary,mypub,vak,wos{\_}rsci,ДСМ-метод,интеллектуальный анализ данных,причинно-следственные связи,психологическое тестирование,статистический анализ данных},
language = {russian},
mendeley-groups = {my{\_}publications},
mendeley-tags = {10-06-00834,12-07-00611,12-07-31057,elibrary,mypub,vak,wos{\_}rsci},
number = {1},
pages = {24--32},
title = {{Выявление причинно-следственных связей в данных психологического тестирования логическими методами}},
year = {2013}
}
