Automatically generated by Mendeley Desktop 1.17.13
Any changes to this file will be lost if it is regenerated by Mendeley.

BibTeX export options can be customized via Options -> BibTeX in Mendeley Desktop

@inproceedings{Hayes1977,
author = {Hayes, Philip J.},
booktitle = {Proceeding of the 5th International Joint Conference on Artificial Intelligence (IJCAI'77)},
file = {:C$\backslash$:/Users/sanek/Documents/Mendeley Desktop/Hayes/1977/On semantic Nets, Frames and Associations.pdf:pdf},
pages = {99--107},
title = {{On semantic Nets, Frames and Associations}},
year = {1977}
}
@article{Bolotnikova,
author = {Гаврилова, Т. А. and Горовой, В. А. and Болотникова, Е. С.},
file = {:C$\backslash$:/Users/sanek/Documents/Mendeley Desktop/Гаврилова, Горовой, Болотникова/2009/Оценка когнитивной эргономичности онтологии на основе анализа графа.pdf:pdf},
journal = {Искусственный интеллект и принятие решений},
keywords = {cognitive ergonomics,ontology evaluation},
language = {russian},
number = {3},
pages = {33--41},
title = {{Оценка когнитивной эргономичности онтологии на основе анализа графа}},
year = {2009}
}
@article{Zagorulko2013,
author = {Загорулько, Ю. А.},
file = {:C$\backslash$:/Users/sanek/Documents/Mendeley Desktop/Загорулько/2013/О концепции интегрированной модели представления знаний.pdf:pdf},
journal = {Известия Томского политехнического университета},
keywords = {functional network,gy,imperative model,integrated knowledge representation model,network model,object oriented semantic network,ontolo,production system model,subdefinite model},
language = {russian},
number = {5},
pages = {98--103},
title = {{О концепции интегрированной модели представления знаний}},
volume = {322},
year = {2013}
}
@article{Bengio2013,
abstract = {The success of machine learning algorithms generally depends on data representation, and we hypothesize that this is because different representations can entangle and hide more or less the different explanatory factors of variation behind the data. Although specific domain knowledge can be used to help design representations, learning with generic priors can also be used, and the quest for AI is motivating the design of more powerful representation-learning algorithms implementing such priors. This paper reviews recent work in the area of unsupervised feature learning and deep learning, covering advances in probabilistic models, auto-encoders, manifold learning, and deep networks. This motivates longer-term unanswered questions about the appropriate objectives for learning good representations, for computing representations (i.e., inference), and the geometrical connections between representation learning, density estimation and manifold learning.},
archivePrefix = {arXiv},
arxivId = {1206.5538},
author = {Bengio, Yoshua and Courville, Aaron and Vincent, Pascal},
doi = {10.1109/TPAMI.2013.50},
eprint = {1206.5538},
file = {:C$\backslash$:/Users/sanek/Documents/Mendeley Desktop/Bengio, Courville, Vincent/2013/Representation learning A review and new perspectives.pdf:pdf},
isbn = {0162-8828 VO - 35},
issn = {01628828},
journal = {IEEE Transactions on Pattern analysis and Machine intelligence},
number = {8},
pages = {1789--1828},
pmid = {23459267},
title = {{Representation learning: A review and new perspectives}},
url = {http://www.ncbi.nlm.nih.gov/pubmed/23459267{\%}5Cnhttp://arxiv.org/abs/1206.5538{\%}5Cnhttp://ieeexplore.ieee.org/xpls/abs{\_}all.jsp?arnumber=6472238},
volume = {35},
year = {2013}
}
@book{Brachman2004,
author = {Brachman, Ronald J and Levesque, Hector J},
file = {:C$\backslash$:/Users/sanek/Documents/Mendeley Desktop/Brachman, Levesque/2004/Knowledge Representation and Reasoning Acknowledgments Preface.pdf:pdf},
pages = {381},
publisher = {Morgan Kaufmann},
title = {{Knowledge Representation and Reasoning Acknowledgments Preface}},
year = {2004}
}
@article{Richardson2006,
abstract = {We propose a simple approach to combining first-order logic and probabilistic graphical models in a single representation. A Markov logic network (MLN) is a first-order knowledge base with a weight attached to each formula (or clause). Together with a set of constants representing objects in the domain, it specifies a ground Markov network containing one feature for each possible grounding of a first-order formula in the KB, with the corresponding weight. Inference in MLNs is performed by MCMC over the minimal subset of the ground network required for answering the query. Weights are efficiently learned from relational databases by iteratively optimizing a pseudo-likelihood measure. Optionally, additional clauses are learned using inductive logic programming techniques. Experiments with a real-world database and knowledge base in a university domain illustrate the promise of this approach.},
author = {Richardson, Matthew and Domingos, P},
doi = {10.1007/s10994-006-5833-1},
file = {:C$\backslash$:/Users/sanek/Documents/Mendeley Desktop/Richardson, Domingos/2006/Markov logic networks.pdf:pdf},
isbn = {0885-6125},
issn = {0885-6125},
journal = {Machine learning},
keywords = {first-order logic,graphical models,inductive logic programming,know-,ledge-based model construction,link predic-,log-linear,markov chain monte carlo,markov networks,markov random fields,models,pseudo-likelihood,satisfiability,statistical relational learning},
number = {1-2},
pages = {107--136},
pmid = {20958249},
title = {{Markov logic networks}},
url = {http://link.springer.com/article/10.1007/s10994-006-5833-1},
volume = {62},
year = {2006}
}
@article{Burton-Jones2005,
author = {Burton-Jones, Andrew and Storey, Veda C. and Sugumaran, Vijayan and Ahluwalia, Punit},
doi = {10.1016/j.datak.2004.11.010},
file = {:C$\backslash$:/Users/sanek/Documents/Mendeley Desktop/Burton-Jones et al/2005/A semiotic metrics suite for assessing the quality of ontologies.pdf:pdf},
issn = {0169023X},
journal = {Data {\&} Knowledge Engineering},
keywords = {1 248 370 2831,a,abjones,ahluwalia,burton-jones,c,cis,corresponding author,e-mail addresses,edu,gsu,hispaa,oakland,ontology,ontology auditor,p,quality metric,semiotic theory,storey,sugumara,sugumaran,tel,v,vstorey},
number = {1},
pages = {84--102},
title = {{A semiotic metrics suite for assessing the quality of ontologies}},
url = {http://linkinghub.elsevier.com/retrieve/pii/S0169023X0400223X},
volume = {55},
year = {2005}
}
@article{Lieto2014,
author = {Lieto, Antonio},
doi = {10.1016/j.procs.2014.11.078},
file = {:C$\backslash$:/Users/sanek/Documents/Mendeley Desktop/Lieto/2014/A Computational Framework for Concept Representation in Cognitive Systems and Architectures Concepts as Heterogeneous Proxytypes.pdf:pdf},
issn = {18770509},
journal = {Procedia Computer Science},
keywords = {cognitive architectures,cognitive systems,concept representation,knowledge representation},
pages = {6--14},
publisher = {Elsevier Masson SAS},
title = {{A Computational Framework for Concept Representation in Cognitive Systems and Architectures: Concepts as Heterogeneous Proxytypes}},
url = {http://linkinghub.elsevier.com/retrieve/pii/S1877050914015233},
volume = {41},
year = {2014}
}
@article{Keet2008,
author = {Keet, C. Maria and Artale, Alessandro},
file = {:C$\backslash$:/Users/sanek/Documents/Mendeley Desktop/Keet, Artale/2008/Representing and Reasoning over a Taxonomy of Part-Whole Relations.pdf:pdf},
journal = {Applied Ontology - Ontological Foundations of Conceptual Modelling},
keywords = {conceptual modelling,description logics reasoning,mereology,part-whole relation},
number = {1-2},
pages = {91--110},
title = {{Representing and Reasoning over a Taxonomy of Part-Whole Relations}},
volume = {3},
year = {2008}
}
@book{Harmelen,
address = {Amsterdam},
author = {van Harmelen, Frank and Lifschitz, Vladimir and Porter, Bruce},
file = {:C$\backslash$:/Users/sanek/Documents/Mendeley Desktop/Harmelen, Lifschitz, Porter/2008/Handbook of Knowledge Representation.pdf:pdf},
isbn = {9780444522115},
pages = {1005},
publisher = {Elsevier},
title = {{Handbook of Knowledge Representation}},
year = {2008}
}
@article{Brooks1991,
abstract = {Artificial intelligence research has foundered on the issue of representation.$\backslash$nWhen intelligence is approached in an incremental manner, with strict$\backslash$nreliance on interfacing to the real world through perception and$\backslash$naction, reliance on representation disappears. In this paper we outline$\backslash$nour approach to incrementally building complete intelligent Creatures.$\backslash$nThe fundamental decomposition of the intelligent system is not into$\backslash$nindependent information processing units which must interface with$\backslash$neach other via representations. Instead, the intelligent system is$\backslash$n$\backslash$ndecomposed into independent and parallel activity producers which$\backslash$nall interface directly to the world through perception and action,$\backslash$nrather than interface to each other particularly much. The notions$\backslash$nof central and peripheral systems evaporateeverything is both central$\backslash$nand peripheral. Based on these principles we have built a very successful$\backslash$nseries of mobile robots which operate without supervision as Creatures$\backslash$nin standard office environments.},
author = {Brooks, Rodney a.},
doi = {10.1016/0004-3702(91)90053-M},
file = {:C$\backslash$:/Users/sanek/Documents/Mendeley Desktop/Brooks/1991/Intelligence without representation.pdf:pdf},
isbn = {0004-3702},
issn = {00043702},
journal = {Artificial Intelligence},
number = {1-3},
pages = {139--159},
pmid = {14599324},
title = {{Intelligence without representation}},
volume = {47},
year = {1991}
}
@article{Osipov1990,
author = {Осипов, Г. С.},
journal = {Известия АН СССР. Техническая кибернетика},
language = {russian},
number = {5},
pages = {32--45},
title = {{Построение моделей предметных областей. Ч. I. Неоднородные семантические сети}},
year = {1990}
}
@article{Winston1987,
author = {Winston, Morton E. and Chaffin, Roger and Herrmann, Douglas},
doi = {10.1207/s15516709cog1104_2},
file = {:C$\backslash$:/Users/sanek/Documents/Mendeley Desktop/Winston, Chaffin, Herrmann/1987/A Taxonomy of Part-Whole Relations.pdf:pdf},
issn = {03640213},
journal = {Cognitive Science},
number = {4},
pages = {417--444},
title = {{A Taxonomy of Part-Whole Relations}},
url = {http://doi.wiley.com/10.1207/s15516709cog1104{\_}2},
volume = {11},
year = {1987}
}
@article{Zhuge2005,
author = {Zhuge, Hai and Sun, Yunchuan and Jia, Ruixiang and Liu, Jie},
doi = {10.1504/IJHPCN.2005.008565},
file = {:C$\backslash$:/Users/sanek/Documents/Mendeley Desktop/Zhuge et al/2005/Algebra model and experiment for semantic link network.pdf:pdf},
issn = {1740-0562},
journal = {International Journal of High Performance Computing and Networking},
keywords = {2005,227,238,3,4,algebra model and experiment,and,follows,for semantic link network,h,high performance computing and,int,j,jia,knowledge grid,liu,matrix,networking,no,pp,r,reference to this paper,semantic grid,semantic link,semantic web,should be made as,sun,vol,y,zhuge},
number = {4},
pages = {227--238},
title = {{Algebra model and experiment for semantic link network}},
url = {http://www.inderscience.com/link.php?id=8565},
volume = {3},
year = {2005}
}
@article{Huang2012,
author = {Huang, Bing and Li, Hua-xiong and Wei, Da-kuan},
doi = {10.1016/j.knosys.2011.12.008},
file = {:C$\backslash$:/Users/sanek/Documents/Mendeley Desktop/Huang, Li, Wei/2012/Dominance-based rough set model in intuitionistic fuzzy information systems.pdf:pdf},
issn = {09507051},
journal = {Knowledge-Based Systems},
pages = {115--123},
publisher = {Elsevier B.V.},
title = {{Dominance-based rough set model in intuitionistic fuzzy information systems}},
url = {http://linkinghub.elsevier.com/retrieve/pii/S0950705111002747},
volume = {28},
year = {2012}
}
@incollection{Zarri2012,
author = {Zarri, Gian Piero},
booktitle = {Behavior Computing},
doi = {10.1007/978-1-4471-2969-1},
editor = {Cao, Longbing and Yu, Philip S.},
file = {:C$\backslash$:/Users/sanek/Documents/Mendeley Desktop/Zarri/2012/Behaviour Representation and Management Making Use of the Narrative Knowledge Representation Language.pdf:pdf},
isbn = {978-1-4471-2968-4},
pages = {37--56},
publisher = {Springer London},
title = {{Behaviour Representation and Management Making Use of the Narrative Knowledge Representation Language}},
url = {http://link.springer.com/10.1007/978-1-4471-2969-1},
year = {2012}
}
@book{Jakus2013,
address = {New York},
author = {Jakus, Grega and Milutinovic, Veljko and Omerovic, Sanida and Tomazic, Saso},
file = {:C$\backslash$:/Users/sanek/Documents/Mendeley Desktop/Jakus et al/2013/Concepts, Ontologies, and Knowledge Representation.pdf:pdf},
isbn = {9781461478218},
pages = {67},
publisher = {Srpinger},
title = {{Concepts, Ontologies, and Knowledge Representation}},
year = {2013}
}
@book{1988,
address = {М.},
author = {Вагин, В. Н.},
file = {:C$\backslash$:/Users/sanek/Documents/Mendeley Desktop/Вагин/1988/Дедукция и обобщение в системах принятия решений.djvu:djvu},
language = {russian},
pages = {384},
publisher = {Наука},
title = {{Дедукция и обобщение в системах принятия решений}},
year = {1988}
}
@article{Gaeta2009,
author = {Gaeta, M. and Orciuoli, F. and Ritrovato, P.},
doi = {10.1016/j.knosys.2009.01.006},
file = {:C$\backslash$:/Users/sanek/Documents/Mendeley Desktop/Gaeta, Orciuoli, Ritrovato/2009/Advanced ontology management system for personalised e-Learning.pdf:pdf},
issn = {09507051},
journal = {Knowledge-Based Systems},
keywords = {knowledge representation},
number = {4},
pages = {292--301},
publisher = {Elsevier B.V.},
title = {{Advanced ontology management system for personalised e-Learning}},
url = {http://linkinghub.elsevier.com/retrieve/pii/S0950705109000227},
volume = {22},
year = {2009}
}
@article{Huang2009,
author = {Huang, Jih-Jeng},
doi = {10.1016/j.knosys.2009.05.008},
file = {:C$\backslash$:/Users/sanek/Documents/Mendeley Desktop/Huang/2009/The evolutionary perspective of knowledge creation – A mathematical representation.pdf:pdf},
issn = {09507051},
journal = {Knowledge-Based Systems},
keywords = {competitive advantage,knowledge management},
number = {6},
pages = {430--438},
publisher = {Elsevier B.V.},
title = {{The evolutionary perspective of knowledge creation – A mathematical representation}},
url = {http://linkinghub.elsevier.com/retrieve/pii/S0950705109000859},
volume = {22},
year = {2009}
}
@article{Zhiharev2011,
author = {Жихарев, А. Г. and Маторин, С. И.},
file = {:C$\backslash$:/Users/sanek/Documents/Mendeley Desktop/Жихарев, Маторин/2011/Метод формализации организационных знаний.pdf:pdf},
journal = {Искусственный интеллект и принятие решений},
language = {russian},
number = {2},
pages = {12--18},
title = {{Метод формализации организационных знаний}},
year = {2011}
}
@article{Khardon1999,
abstract = {We introduce a new framework for the study of reasoning. The Learning (in order) to Reason approach developed here views learning as an integral part of the inference process, and suggests that learning and reasoning should be studied together. The Learning to Reason framework combines the interfaces to the world used by known learning models with the reasoning task and a performance criterion suitable for it. In this framework, the intelligent agent is given access to its favorite learning interface, and is also given a grace period in which it can interact with this interface and construct a representation KB of the world W. The reasoning performance is measured only after this period, when the agent is presented with queries a from some query language, relevant to the world, and has to answer whether W implies a. The approach is meant to overcome the main computational difficulties in the traditional treatment of reasoning which stem from its separation from the “world”. Since the agent interacts with the world when constructing its knowledge representation it can choose a representation that is useful for the task at hand. Moreover, we can now make explicit the dependence of the reasoning performance on the environment the agent interacts with. We show how previous results from learning theory and reasoning fit into this framework and illustrate the usefulness of the Learning to Reason approach by exhibiting new results that are not possible in the traditional setting. First, we give Learning to Reason algorithms for classes of propositional languages for which there are no efficient reasoning algorithms, when represented as a traditional (formula-based) knowledge base. Second, we exhibit a Learning to Reason algorithm for a class of propositional languages that is not known to be learnable in the traditional sense.},
author = {Khardon, Roni and Roth, Dan},
doi = {10.1023/A:1007581123604},
file = {:C$\backslash$:/Users/sanek/Documents/Mendeley Desktop/Khardon, Roth/1999/Learning to reason with a restricted view.pdf:pdf},
isbn = {0-262-61102-3},
issn = {08856125},
journal = {Machine Learning},
keywords = {computational learning theory,partial assignments,reasoning},
number = {2},
pages = {95--116},
title = {{Learning to reason with a restricted view}},
volume = {35},
year = {1999}
}
@inproceedings{Sun2009,
author = {Sun, Yunchuan},
booktitle = {2009 Fifth International Conference on Semantics, Knowledge and Grid},
doi = {10.1109/SKG.2009.56},
file = {:C$\backslash$:/Users/sanek/Documents/Mendeley Desktop/Sun/2009/Consistency Checking for Semantic Link Network.pdf:pdf},
isbn = {978-0-7695-3810-5},
pages = {448--449},
publisher = {Ieee},
title = {{Consistency Checking for Semantic Link Network}},
url = {http://ieeexplore.ieee.org/lpdocs/epic03/wrapper.htm?arnumber=5370496},
year = {2009}
}
@article{Kashirin2010,
author = {Каширин, Д. И. and Каширин, И. Ю.},
file = {:C$\backslash$:/Users/sanek/Documents/Mendeley Desktop/Каширин, Каширин/2010/Модели представления знаний в системах искусственного интеллекта.pdf:pdf},
journal = {Вестник РГРТУ},
language = {russian},
number = {1},
title = {{Модели представления знаний в системах искусственного интеллекта}},
volume = {31},
year = {2010}
}
@incollection{Herskovits1997,
author = {Herskovits, Annette},
booktitle = {Spatial and Temporal Reasoning},
editor = {Stock, O.},
file = {:C$\backslash$:/Users/sanek/Documents/Mendeley Desktop/Herskovits/1997/Language, Spatial Cognition, and Vision.pdf:pdf},
pages = {155--202},
publisher = {Springer},
title = {{Language, Spatial Cognition, and Vision}},
year = {1997}
}
@article{Madl2017,
abstract = {Computational cognitive models of spatial memory often neglect difficulties posed by the real world, such as sensory noise, uncertainty, and high spatial complexity. On the other hand, robotics is unconcerned with understanding biological cognition. Here, we describe a computational framework for robotic architectures aiming to function in realistic environments, as well as to be cognitively plausible. We motivate and describe several mechanisms towards achieving this despite the sensory noise and spatial complexity inherent in the physical world. We tackle error accumulation during path integration by means of Bayesian localization, and loop closing with sequential gradient descent. Finally, we outline a method for structuring spatial representations using metric learning and clustering. Crucially, unlike the algorithms of traditional robotics, we show that these mechanisms can be implemented in neuronal or cognitive models. We briefly outline a concrete implementation of the proposed framework as part of the LIDA cognitive architecture, and argue that this kind of probabilistic framework is well-suited for use in cognitive robotic architectures aiming to combine spatial functionality and psychological plausibility.},
author = {Madl, Tamas and Franklin, Stan and Chen, Ke and Trappl, Robert},
doi = {10.1016/j.cogsys.2017.08.002},
file = {:C$\backslash$:/Users/sanek/Documents/Mendeley Desktop/Madl et al/2017/A computational cognitive framework of spatial memory in brains and robots.pdf:pdf},
issn = {13890417},
journal = {Cognitive Systems Research},
keywords = {Bayesian brain,Cognitive architecture,Computational cognitive modeling,LIDA,Spatial memory},
pages = {147--172},
publisher = {Elsevier B.V.},
title = {{A computational cognitive framework of spatial memory in brains and robots}},
url = {https://doi.org/10.1016/j.cogsys.2017.08.002},
volume = {47},
year = {2017}
}
@unpublished{Ahmad2015,
abstract = {Empirical evidence demonstrates that every region of the neocortex represents information using sparse activity patterns. This paper examines Sparse Distributed Representations (SDRs), the primary information representation strategy in Hierarchical Temporal Memory (HTM) systems and the neocortex. We derive a number of properties that are core to scaling, robustness, and generalization. We use the theory to provide practical guidelines and illustrate the power of SDRs as the basis of HTM. Our goal is to help create a unified mathematical and practical framework for SDRs as it relates to cortical function.},
archivePrefix = {arXiv},
arxivId = {1503.07469},
author = {Ahmad, Subutai and Hawkins, Jeff},
booktitle = {CoRR},
doi = {10.1063/1.4918346},
eprint = {1503.07469},
file = {:C$\backslash$:/Users/sanek/Documents/Mendeley Desktop/Ahmad, Hawkins/2015/Properties of Sparse Distributed Representations and their Application to Hierarchical Temporal Memory.pdf:pdf},
title = {{Properties of Sparse Distributed Representations and their Application to Hierarchical Temporal Memory}},
url = {http://arxiv.org/abs/1503.07469},
year = {2015}
}
@article{Garcia-Crespo2011,
author = {Garcia-Crespo, A. and Ruiz-Mezcua, B. and Lopez-Cuadrado, J. L. and Gonzalez-Carrasco, I.},
doi = {10.1016/j.knosys.2010.09.006},
file = {:C$\backslash$:/Users/sanek/Documents/Mendeley Desktop/Garcia-Crespo et al/2011/Semantic model for knowledge representation in e-business.pdf:pdf},
issn = {09507051},
journal = {Knowledge-Based Systems},
number = {2},
pages = {282--296},
publisher = {Elsevier B.V.},
title = {{Semantic model for knowledge representation in e-business}},
url = {http://linkinghub.elsevier.com/retrieve/pii/S0950705110001516},
volume = {24},
year = {2011}
}
@article{Gorodetsky2009,
abstract = {Работа посвящена проблеме оценки ситуаций и прогнозирования ее развития в приложениях, в которых требуется иметь средства для гибкого изменения сценариев поведения в зависимости от достигнутых состояний системы и текущего состояния внешней среды в реальном времени. Дается обзор и анализируются достоинства и недостатки существующих языков описания процессов и показывается, что традиционные языки спецификации систем, способные представлять, главным образом, реактивное поведение, не обладают необходимыми выразительными возможностями и потом не в состоянии справиться с поставленной задачей. Особенности рассматриваемой задачи спецификации, оценки и прогнозирования ситуаций демонстрируются на задачи управления фрагментом системы заправки стартового ракетного комплекса. В работе предлагается новый язык, который предназначен для описания знаний о сценариях, позволяющий оценивать текущее состояние исполнения сценария, прогноз его развития и выбора варианта продолжения в зависимости от достигнутых состояний и состояния внешней среды. Дается описание основных элементов языка, их графической нотации и описывается его операционная семантика. Возможности разработанного языка демонстрируются на примере описания модели диагностики нештатных ситуаций в процессе функционирования фрагмента системы заправки. Для этого приложения представлены примеры спецификации процесса в терминах разработанного языка сценариев.},
author = {Троцкий, Д. В. and Городецкий, В. И.},
file = {:C$\backslash$:/Users/sanek/Documents/Mendeley Desktop/Троцкий, Городецкий/2009/Сценарная модель знаний и язык описания процессов для оценки и прогнозирования ситуаций.pdf:pdf},
journal = {Труды СПИИРАН},
keywords = {нештатные ситуации,оценка ситуации,прогнозирование ситуации,сценарные знания},
language = {russian},
number = {8},
pages = {94--127},
title = {{Сценарная модель знаний и язык описания процессов для оценки и прогнозирования ситуаций}},
year = {2009}
}
@article{Allen1983,
abstract = {-},
author = {Allen, James F.},
doi = {10.1145/182.358434},
file = {:C$\backslash$:/Users/sanek/Documents/Mendeley Desktop/Allen/1983/Maintaining knowledge about temporal intervals.pdf:pdf},
isbn = {1558600957},
issn = {00010782},
journal = {Communications of the ACM},
number = {11},
pages = {832--843},
pmid = {18068905},
title = {{Maintaining knowledge about temporal intervals}},
volume = {26},
year = {1983}
}
@article{Kuipers2000,
abstract = {The Spatial Semantic Hierarchy (SSH) is a model of knowledge of large-scale space consisting of multiple interacting representations, both qualitative and quantitative. It is inspired by the properties of the human cognitive map, and is intended to serve both as a model of the human cognitive map and as a method for robot exploration and map-building. This article describes the assumptions and guarantees behind the generality of the SSH across environments and sensorimotor systems. Evidence is given from several partial implementation of the SSH on simulated and physical robots.},
author = {Kuipers, Benjamin},
doi = {10.1016/S0004-3702(00)00017-5},
file = {:C$\backslash$:/Users/sanek/Documents/Mendeley Desktop/Kuipers/2000/Spatial semantic hierarchy.pdf:pdf},
isbn = {00043702},
issn = {00043702},
journal = {Artificial Intelligence},
keywords = {9-898,advanced research program,and by the texas,artificial intelligence laboratory,austin,by nasa grant nag,cognitive map,grants,in part by nsf,iri-9504138 and cda 9617327,map learning,place in the qualitative,qualitative reasoning,reasoning group at the,reasoning group is supported,research of the qualitative,robot exploration,spatial reasoning,the,this work has taken,university of texas at},
number = {1},
pages = {191--233},
title = {{Spatial semantic hierarchy}},
volume = {119},
year = {2000}
}
@article{Afacan2011,
annote = {english},
author = {Afacan, Yasemin and Demirkan, Halime},
doi = {10.1016/j.knosys.2011.01.002},
file = {:C$\backslash$:/Users/sanek/Documents/Mendeley Desktop/Afacan, Demirkan/2011/An ontology-based universal design knowledge support system.pdf:pdf},
issn = {09507051},
journal = {Knowledge-Based Systems},
keywords = {cognitive design strategy,computer-assisted design tool,conceptual design phase},
language = {english},
number = {4},
pages = {530--541},
publisher = {Elsevier B.V.},
title = {{An ontology-based universal design knowledge support system}},
url = {http://linkinghub.elsevier.com/retrieve/pii/S0950705111000037},
volume = {24},
year = {2011}
}
@article{Ma2010,
author = {Ma, Jun and Zhang, Guangquan and Lu, Jie},
doi = {10.1016/j.knosys.2009.05.010},
file = {:C$\backslash$:/Users/sanek/Documents/Mendeley Desktop/Ma, Zhang, Lu/2010/A state-based knowledge representation approach for information logical inconsistency detection in warning systems.pdf:pdf},
issn = {09507051},
journal = {Knowledge-Based Systems},
keywords = {decision support systems,knowledge base verification,knowledge representation},
number = {2},
pages = {125--131},
publisher = {Elsevier B.V.},
title = {{A state-based knowledge representation approach for information logical inconsistency detection in warning systems}},
url = {http://linkinghub.elsevier.com/retrieve/pii/S0950705109001002},
volume = {23},
year = {2010}
}
@book{Dulin2005,
address = {М.},
author = {Дулин, С. К.},
language = {russian},
pages = {136},
publisher = {Вычислительный центр им. А.А. Дородницына РАН},
title = {{Введение в теорию структурной согласованности}},
year = {2005}
}
