Automatically generated by Mendeley Desktop 1.17.13
Any changes to this file will be lost if it is regenerated by Mendeley.

BibTeX export options can be customized via Options -> BibTeX in Mendeley Desktop

@inproceedings{Galindo2014,
author = {Galindo, C},
booktitle = {The 9th International Workshop on Cognitive Robotics (ECAI-2014)},
file = {:C$\backslash$:/Users/sanek/Documents/Mendeley Desktop/Galindo/2014/Mobile Robot Object Recognition through the Synergy of Probabilistic Graphical Models and Semantic Knowledge.pdf:pdf},
title = {{Mobile Robot Object Recognition through the Synergy of Probabilistic Graphical Models and Semantic Knowledge}},
year = {2014}
}
@book{Fu1974,
address = {New York},
author = {Fu, K. S.},
file = {:C$\backslash$:/Users/sanek/Documents/Mendeley Desktop/Fu/1974/Syntactic methods in pattern recognition.pdf:pdf},
pages = {306},
publisher = {Academic Press},
title = {{Syntactic methods in pattern recognition}},
year = {1974}
}
@article{Bergtholdt2010,
author = {Bergtholdt, Martin and Kapes, Jorgen and Schmidt, Stefan and Schnorr, Christoph},
file = {:C$\backslash$:/Users/sanek/Documents/Mendeley Desktop/Bergtholdt et al/2010/A Study of Parts-Based Object Class Detection Using Complete Graphs.pdf:pdf},
journal = {International Journal of Computer Vision},
keywords = {2d,3d pose,classifica-,conditional random fields,gle view,graphical models,inference,learning,multi-class,multiple view,object class recognition,object detection,optimization,sin-,tion},
number = {1-2},
pages = {93--117},
title = {{A Study of Parts-Based Object Class Detection Using Complete Graphs}},
volume = {87},
year = {2010}
}
@inproceedings{Dubba2010,
author = {Dubba, Krishna S R and Cohn, Anthony G and Hogg, David C},
booktitle = {ECAI 2010: 19th European Conference on Artificial Intelligence, 16-20 August 2010, Lisbon, Portugal : Including Prestigious Applications of Artificial Intelligence (PAIS-2010) : Proceedings},
doi = {10.3233/978-1-60750-606-5-93},
file = {:C$\backslash$:/Users/sanek/Documents/Mendeley Desktop/Dubba, Cohn, Hogg/2010/Event Model Learning from Complex Videos using ILP.pdf:pdf},
isbn = {9781607506065},
pages = {93--98},
title = {{Event Model Learning from Complex Videos using ILP}},
year = {2010}
}
@book{Fink2014,
address = {London},
author = {Fink, Gernot A.},
edition = {Second},
file = {:C$\backslash$:/Users/sanek/Documents/Mendeley Desktop/Fink/2014/Markov Models for Pattern Recognition. From Theory to Applications.pdf:pdf},
isbn = {9781447163077},
pages = {275},
publisher = {Springer-Verlag},
title = {{Markov Models for Pattern Recognition. From Theory to Applications}},
year = {2014}
}
@inproceedings{Baxter2010,
author = {Baxter, Rolf and Lane, David and Petillot, Yvan},
booktitle = {ECAI 2010: 19th European Conference on Artificial Intelligence, 16-20 August 2010, Lisbon, Portugal : Including Prestigious Applications of Artificial Intelligence (PAIS-2010) : Proceedings},
doi = {10.3233/978-1-60750-606-5-803},
file = {:C$\backslash$:/Users/sanek/Documents/Mendeley Desktop/Baxter, Lane, Petillot/2010/Recognising Agent Behaviour During Variable Length Activities.pdf:pdf},
isbn = {9781607506065},
pages = {803--808},
title = {{Recognising Agent Behaviour During Variable Length Activities}},
year = {2010}
}
@book{Vapnik1974,
address = {М.},
author = {Вапник, В. Н. and Червоненкис, А. Я.},
language = {russian},
publisher = {Наука},
title = {{Теория распознавания образов}},
year = {1974}
}
