Automatically generated by Mendeley Desktop 1.17.13
Any changes to this file will be lost if it is regenerated by Mendeley.

BibTeX export options can be customized via Options -> BibTeX in Mendeley Desktop

@article{Rudakov1980,
author = {Рудаков, К. В.},
file = {:C$\backslash$:/Users/sanek/Documents/Mendeley Desktop/Рудаков/1980/О корректности алгоритмов распознавания типа потенциальных функций.pdf:pdf},
journal = {Журнал вычислительной матемематики и математической физики},
language = {russian},
number = {3},
pages = {737--744},
title = {{О корректности алгоритмов распознавания типа потенциальных функций}},
volume = {20},
year = {1980}
}
@unpublished{Vorontcov2011a,
author = {Воронцов, К. В.},
file = {:C$\backslash$:/Users/sanek/Documents/Mendeley Desktop/Воронцов/2011/Проблемно-ориентированные методы алгебраического подхода (конспект лекций).pdf:pdf},
language = {russian},
pages = {18},
title = {{Проблемно-ориентированные методы алгебраического подхода (конспект лекций)}},
year = {2011}
}
@inproceedings{Galindo2014,
author = {Galindo, C},
booktitle = {The 9th International Workshop on Cognitive Robotics (ECAI-2014)},
file = {:C$\backslash$:/Users/sanek/Documents/Mendeley Desktop/Galindo/2014/Mobile Robot Object Recognition through the Synergy of Probabilistic Graphical Models and Semantic Knowledge.pdf:pdf},
title = {{Mobile Robot Object Recognition through the Synergy of Probabilistic Graphical Models and Semantic Knowledge}},
year = {2014}
}
@book{Fu1974,
address = {New York},
author = {Fu, K. S.},
file = {:C$\backslash$:/Users/sanek/Documents/Mendeley Desktop/Fu/1974/Syntactic methods in pattern recognition.pdf:pdf},
pages = {306},
publisher = {Academic Press},
title = {{Syntactic methods in pattern recognition}},
year = {1974}
}
@article{Vorontcov2000,
author = {Воронцов, К. В.},
file = {:C$\backslash$:/Users/sanek/Documents/Mendeley Desktop/Воронцов/2000/Оптимизационные методы линейной и монотонной коррекции в алгебраическом подходе к проблеме распознавания.pdf:pdf},
journal = {Журнал вычислительной матемематики и математической физики},
language = {russian},
number = {1},
pages = {166--176},
title = {{Оптимизационные методы линейной и монотонной коррекции в алгебраическом подходе к проблеме распознавания}},
volume = {40},
year = {2000}
}
@article{Bergtholdt2010,
author = {Bergtholdt, Martin and Kapes, Jorgen and Schmidt, Stefan and Schnorr, Christoph},
file = {:C$\backslash$:/Users/sanek/Documents/Mendeley Desktop/Bergtholdt et al/2010/A Study of Parts-Based Object Class Detection Using Complete Graphs.pdf:pdf},
journal = {International Journal of Computer Vision},
keywords = {2d,3d pose,classifica-,conditional random fields,gle view,graphical models,inference,learning,multi-class,multiple view,object class recognition,object detection,optimization,sin-,tion},
number = {1-2},
pages = {93--117},
title = {{A Study of Parts-Based Object Class Detection Using Complete Graphs}},
volume = {87},
year = {2010}
}
@article{Rudakov1986,
author = {Рудаков, К. В.},
file = {:C$\backslash$:/Users/sanek/Documents/Mendeley Desktop/Рудаков/1986/О некоторых универсальных ограничениях для алгоритмов классификации.pdf:pdf},
journal = {Журнал вычислительной матемематики и математической физики},
language = {russian},
number = {11},
pages = {1719--1730},
title = {{О некоторых универсальных ограничениях для алгоритмов классификации}},
volume = {26},
year = {1986}
}
@article{Rudakov1989,
author = {Рудаков, К. В.},
file = {:C$\backslash$:/Users/sanek/Documents/Mendeley Desktop/Рудаков/1989/Об алгебраической теории универсальных и локальных ограничений для задач классификации.pdf:pdf},
journal = {Распознавание. Классификация. Прогноз},
language = {russian},
number = {1},
pages = {176--200},
title = {{Об алгебраической теории универсальных и локальных ограничений для задач классификации}},
year = {1989}
}
@inproceedings{Dubba2010,
author = {Dubba, Krishna S R and Cohn, Anthony G and Hogg, David C},
booktitle = {ECAI 2010: 19th European Conference on Artificial Intelligence, 16-20 August 2010, Lisbon, Portugal : Including Prestigious Applications of Artificial Intelligence (PAIS-2010) : Proceedings},
doi = {10.3233/978-1-60750-606-5-93},
file = {:C$\backslash$:/Users/sanek/Documents/Mendeley Desktop/Dubba, Cohn, Hogg/2010/Event Model Learning from Complex Videos using ILP.pdf:pdf},
isbn = {9781607506065},
pages = {93--98},
title = {{Event Model Learning from Complex Videos using ILP}},
year = {2010}
}
@book{Fink2014,
address = {London},
author = {Fink, Gernot A.},
edition = {Second},
file = {:C$\backslash$:/Users/sanek/Documents/Mendeley Desktop/Fink/2014/Markov Models for Pattern Recognition. From Theory to Applications.pdf:pdf},
isbn = {9781447163077},
pages = {275},
publisher = {Springer-Verlag},
title = {{Markov Models for Pattern Recognition. From Theory to Applications}},
year = {2014}
}
@article{Vorontcov1998,
author = {Воронцов, К. В.},
file = {:C$\backslash$:/Users/sanek/Documents/Mendeley Desktop/Воронцов/1998/О проблемно-ориентированной оптимизации базисов задач распознавания.pdf:pdf},
journal = {Журнал вычислительной матемематики и математической физики},
language = {russian},
number = {5},
pages = {870--880},
title = {{О проблемно-ориентированной оптимизации базисов задач распознавания}},
volume = {38},
year = {1998}
}
@article{Zhuravlev1976,
author = {Журавлёв, Ю. И.},
file = {:C$\backslash$:/Users/sanek/Documents/Mendeley Desktop/Журавлёв/1976/Непараметрические задачи рспознавания образов.pdf:pdf},
journal = {Кибернетика},
language = {russian},
number = {6},
title = {{Непараметрические задачи рспознавания образов}},
year = {1976}
}
@article{Zhuravlev2002,
author = {Журавлёв, Ю. И.},
file = {:C$\backslash$:/Users/sanek/Documents/Mendeley Desktop/Журавлёв/1978/Об алгебраическом подходе к решению задач распознавания или классификации.pdf:pdf},
journal = {Проблемы кибернетики},
language = {russian},
number = {33},
pages = {5--68},
title = {{Об алгебраическом подходе к решению задач распознавания или классификации}},
year = {1978}
}
@incollection{Zhuravlev1987,
address = {М.},
author = {Журавлёв, Ю. И. and Рудаков, К. В.},
booktitle = {Проблемы прикладной математики и информатики},
file = {:C$\backslash$:/Users/sanek/Documents/Mendeley Desktop/Журавлёв, Рудаков/1987/Об алгебраической коррекции процедур обработки (преобразования) информации.pdf:pdf},
language = {russian},
pages = {187--198},
publisher = {Наука},
title = {{Об алгебраической коррекции процедур обработки (преобразования) информации}},
year = {1987}
}
@article{Rudakov1999,
author = {Рудаков, К. В. and Воронцов, К. В.},
file = {:C$\backslash$:/Users/sanek/Documents/Mendeley Desktop/Рудаков, Воронцов/1999/О методах оптимизации и монотонной коррекции в алгебраическом подходе к проблеме распознавания.pdf:pdf},
journal = {Доклады РАН},
language = {russian},
number = {3},
pages = {314--317},
title = {{О методах оптимизации и монотонной коррекции в алгебраическом подходе к проблеме распознавания}},
volume = {367},
year = {1999}
}
@article{Zhuravlev1977,
author = {Журавлёв, Ю. И.},
journal = {Кибернектика},
language = {russian},
number = {4},
pages = {5--17},
title = {{Корректные алгебры над множеством некорректных (эвристических) алгоритмов. Часть I}},
year = {1977}
}
@article{Vorontcov2004a,
author = {Воронцов, К. В.},
file = {:C$\backslash$:/Users/sanek/Documents/Mendeley Desktop/Воронцов/2004/Комбинаторные оценки качества обучения по прецедентам.pdf:pdf},
journal = {Доклады РАН},
language = {russian},
number = {2},
pages = {175--178},
title = {{Комбинаторные оценки качества обучения по прецедентам}},
volume = {394},
year = {2004}
}
@article{Rudakov1987,
author = {Рудаков, К. В.},
file = {:C$\backslash$:/Users/sanek/Documents/Mendeley Desktop/Рудаков/1987/О симметрических и функциональных ограничениях для алгоритмов классификации.pdf:pdf},
journal = {Доклады РАН},
language = {russian},
number = {1},
pages = {43--46},
title = {{О симметрических и функциональных ограничениях для алгоритмов классификации}},
volume = {297},
year = {1987}
}
@article{Zhuravlev1989b,
author = {Журавлёв, Ю. И.},
file = {:C$\backslash$:/Users/sanek/Documents/Mendeley Desktop/Журавлёв/1989/Об алгебраических методах распознавания в задачах распознавнаия и классификации.pdf:pdf},
journal = {Распознавание. Классификация. Прогноз},
language = {russian},
number = {1},
pages = {9--16},
title = {{Об алгебраических методах распознавания в задачах распознавнаия и классификации}},
year = {1989}
}
@article{Zhuravlev2002a,
author = {Журавлёв, Ю. И.},
file = {:C$\backslash$:/Users/sanek/Documents/Mendeley Desktop/Журавлёв/2002/Об алгоритмах распознавания с представительными наборами (о логических алгоритмах).pdf:pdf},
journal = {Журнал вычислительной матемематики и математической физики},
language = {russian},
number = {9},
pages = {1425--1435},
title = {{Об алгоритмах распознавания с представительными наборами (о логических алгоритмах)}},
volume = {42},
year = {2002}
}
@inproceedings{Baxter2010,
author = {Baxter, Rolf and Lane, David and Petillot, Yvan},
booktitle = {ECAI 2010: 19th European Conference on Artificial Intelligence, 16-20 August 2010, Lisbon, Portugal : Including Prestigious Applications of Artificial Intelligence (PAIS-2010) : Proceedings},
doi = {10.3233/978-1-60750-606-5-803},
file = {:C$\backslash$:/Users/sanek/Documents/Mendeley Desktop/Baxter, Lane, Petillot/2010/Recognising Agent Behaviour During Variable Length Activities.pdf:pdf},
isbn = {9781607506065},
pages = {803--808},
title = {{Recognising Agent Behaviour During Variable Length Activities}},
year = {2010}
}
@book{Vapnik1974,
address = {М.},
author = {Вапник, В. Н. and Червоненкис, А. Я.},
language = {russian},
publisher = {Наука},
title = {{Теория распознавания образов}},
year = {1974}
}
@article{Zuravlev1989a,
author = {Журавлёв, Ю. И. and Гуревич, И. Б.},
file = {:C$\backslash$:/Users/sanek/Documents/Mendeley Desktop/Журавлёв, Гуревич/1989/Распознавание образов и распознавание изображений.pdf:pdf},
journal = {Распознавание. Классификация. Прогноз},
language = {russian},
number = {2},
pages = {5--72},
title = {{Распознавание образов и распознавание изображений}},
year = {1989}
}
