Automatically generated by Mendeley Desktop 1.17.13
Any changes to this file will be lost if it is regenerated by Mendeley.

BibTeX export options can be customized via Options -> BibTeX in Mendeley Desktop

@article{Osipov2003b,
author = {Осипов, Г. С. and Виноградов, А. Н. and Жилякова, Л. Ю.},
file = {:C$\backslash$:/Users/sanek/Documents/Mendeley Desktop/Осипов, Виноградов, Жилякова/2003/Динамические интеллектуальные системы. II. Моделирование целенаправленного поведения.pdf:pdf},
journal = {Известия АН. Теория и системы управления},
keywords = {osipov},
language = {russian},
mendeley-tags = {osipov},
number = {1},
pages = {87--94},
title = {{Динамические интеллектуальные системы. II. Моделирование целенаправленного поведения}},
year = {2003}
}
@article{Osipov2000,
author = {Осипов, Г. С. and Лебедева, Т. Г.},
journal = {Известия РАН. Теория и системы управления},
language = {russian},
number = {5},
pages = {703--709},
title = {{Архитектура и управляемость дискретных динамических систем, основанных на знаниях}},
year = {2000}
}
@article{Osipov2002b,
author = {Vinogradov, A. N. and Osipov, G. S. and Zhilyakova, L. Yu.},
journal = {Journal of Computer and Systems Sciences International},
keywords = {osipov},
mendeley-tags = {osipov},
number = {6},
pages = {953--960},
title = {{Dynamic intelligent systems: I. Knowledge representation and basic algorithms}},
volume = {41},
year = {2002}
}
@article{Osipov2002a,
author = {Осипов, Г. С. and Виноградов, А. Н. and Жилякова, Л. Ю.},
journal = {Известия АН. Теория и системы управления},
keywords = {osipov},
language = {russian},
mendeley-tags = {osipov},
number = {6},
pages = {119--127},
title = {{Динамические интеллектуальные системы. I. Представление знаний и основные алгоритмы}},
year = {2002}
}
@article{Osipov2010,
abstract = {This paper concerns a new class of systems that are, on the one hand, dynamic systems, and on the other, intelligent systems, as their dynamics is described by knowledge representation, which is a common practice to use in intelligent systems, and the states are described by parameters and variables that have a logical or linguistic character. The case is considered when the rule system is used as a method of knowledge representation.},
author = {Osipov, G. S.},
doi = {10.3103/S0147688210050023},
file = {:C$\backslash$:/Users/sanek/Documents/Mendeley Desktop/Osipov/2010/Intelligent dynamic systems.pdf:pdf},
issn = {0147-6882},
journal = {Scientific and Technical Information Processing},
keywords = {attainability,controllability,disturbance compensation,knowledge bases,rule-based dynamic systems,stability,strategies},
number = {5},
pages = {259--264},
title = {{Intelligent dynamic systems}},
volume = {37},
year = {2010}
}
@inproceedings{Osipov1998,
abstract = {The paper studies the behavior of knowledge-based integrated systems with quasi-axiomatic state description. A mechanism for state closure is considered. Concepts of knowledge base deductive and causal completeness are introduced, and their relationship with behavior and controllability of integrated systems is established},
address = {Gaithersburg},
author = {Osipov, Gennady S},
booktitle = {Proceedings of the 1998 IEEE ISIC/CIRA/ISAS Joint Conference},
doi = {10.1109/ISIC.1998.713660},
file = {:C$\backslash$:/Users/sanek/Documents/Mendeley Desktop/Osipov/1998/Dynamics in Integrated Knowledge-based Systems.pdf:pdf},
isbn = {0780344235},
keywords = {integruted,osipov},
mendeley-tags = {osipov},
pages = {199--203},
publisher = {IEEE},
title = {{Dynamics in Integrated Knowledge-based Systems}},
volume = {2},
year = {1998}
}
@article{Osipov2008a,
abstract = {The paper suggests a classification of dynamic rule-based systems. For each class of systems, limit behavior is studied. Systems with stabilizing limit states or stabilizing limit trajectories are identified, and such states and trajectories are found. The structure of the set of limit states and trajectories is investigated.},
author = {Osipov, G. S.},
file = {:C$\backslash$:/Users/sanek/Documents/Mendeley Desktop/Osipov/2008/Limit behaviour of dynamic rule-based systems.pdf:pdf},
journal = {Information Theories and Applications},
keywords = {Dynamic rule-based systems,limit trajectories,osipov,set of attainable states},
mendeley-tags = {osipov},
pages = {115--119},
title = {{Limit behaviour of dynamic rule-based systems}},
volume = {15},
year = {2008}
}
@inproceedings{Osipov2004,
author = {Osipov, G. S.},
booktitle = {Proceedings of the 6th Joint Conference on Knowledge-Based Software Engineering},
editor = {Stefanuk, V. and Kajiri, K.},
keywords = {osipov},
mendeley-tags = {osipov},
pages = {189--196},
publisher = {IOS Press},
series = {Frontiers in Artificial Intelligence and Applications},
title = {{Goal-Orientation for Systems with Proper Behavior}},
year = {2004}
}
@book{Osipov1997,
address = {М.},
author = {Осипов, Г. С.},
language = {russian},
pages = {112},
publisher = {Наука. Физматлит},
title = {{Приобретение знаний интеллектуальными системами}},
year = {1997}
}
@article{Osipov2008b,
author = {Осипов, Г. С.},
file = {:C$\backslash$:/Users/sanek/Documents/Mendeley Desktop/Осипов/2008/Динамические интеллектуальные системы.pdf:pdf},
journal = {Искусственный интеллект и принятие решений},
keywords = {osipov},
language = {russian},
mendeley-tags = {osipov},
number = {1},
pages = {47--54},
title = {{Динамические интеллектуальные системы}},
year = {2008}
}
