Automatically generated by Mendeley Desktop 1.19.2
Any changes to this file will be lost if it is regenerated by Mendeley.

BibTeX export options can be customized via Options -> BibTeX in Mendeley Desktop

@incollection{Kitano1998,
author = {Kitano, Hiroaki and Asada, Minoru and Kuniyoshi, Yasuo and Noda, Itsuki and Osawai, Eiichi and Matsubara, Hitoshi},
booktitle = {RoboCup-97: Robot Soccer World Cup I},
doi = {10.1007/3-540-64473-3_46},
file = {:C$\backslash$:/Users/panov/Documents/Mendeley Desktop/RoboCup-97 Robot Soccer World Cup I/Kitano et al/Kitano et al. - 1998 - RoboCup A challenge problem for AI and robotics.pdf:pdf},
pages = {1--19},
publisher = {Springer Berlin Heidelberg},
title = {{RoboCup: A challenge problem for AI and robotics}},
url = {http://link.springer.com/10.1007/3-540-64473-3{\_}46},
year = {1998}
}
@article{Zhdanov1999,
author = {Жданов, А. А.},
file = {:C$\backslash$:/Users/panov/Documents/Mendeley Desktop/Известия РАН. Теория и системы управления/Жданов/Жданов - 1999 - Метод автномного адаптивного управления.pdf:pdf},
journal = {Известия РАН. Теория и системы управления},
language = {russian},
number = {5},
pages = {127--134},
title = {{Метод автномного адаптивного управления}},
year = {1999}
}
@inproceedings{Dmitriev2017,
address = {Sinaia, Romania},
author = {Dmitriev, M. G. and Makarov, D. A.},
booktitle = {21st International Conference on System Theory, Control and Computing (ICSTCC 2017)},
pages = {594--599},
title = {{The stabilizing composite control in a weakly nonlinear singularly perturbed control system}},
year = {2017}
}
@article{Yakovlev2014,
author = {Яковлев, К. С. and Хитьков, В. В. and Логинов, М. И. and Петров, А. В.},
file = {:C$\backslash$:/Users/panov/Documents/Mendeley Desktop/Робототехника и техническая кибернетика/Яковлев et al/Яковлев et al. - 2014 - Система навигации группы БЛА на основе маркеров.pdf:pdf},
journal = {Робототехника и техническая кибернетика},
keywords = {autonomous navigation,distributed control system,local map,locali-,marker,qr-code,unmanned aerial vehicle},
language = {russian},
number = {3},
pages = {44--48},
title = {{Система навигации группы БЛА на основе маркеров}},
year = {2014}
}
@article{Osipov2009a,
author = {Осипов, Г. С. and Тихомиров, И. А. and Хачумов, В. М. and Яковлев, К. С.},
journal = {Авиакосмическое приборостроение},
keywords = {osipov},
language = {russian},
mendeley-tags = {osipov},
number = {6},
pages = {34--43},
title = {{Интеллектуальное управление транспортными средствами: стандарты, проекты, реализации}},
year = {2009}
}
@article{2016,
author = {Емельянов, С. В. and Даник, Ю. Э. and Дмитриев, М. Г. and Макаров, Д. А.},
journal = {Доклады Академии наук},
language = {russian},
number = {3},
pages = {282--284},
title = {{Стабилизация нелинейных дискретных динамических систем с параметром и с коэффициентами, зависящими от состояния}},
volume = {466},
year = {2016}
}
@article{Brooks1986,
abstract = { A new architecture for controlling mobile robots is described. Layers of control system are built to let the robot operate at increasing levels of competence. Layers are made up of asynchronous modules that communicate over low-bandwidth channels. Each module is an instance of a fairly simple computational machine. Higher-level layers can subsume the roles of lower levels by suppressing their outputs. However, lower levels continue to function as higher levels are added. The result is a robust and flexible robot control system. The system has been used to control a mobile robot wandering around unconstrained laboratory areas and computer machine rooms. Eventually it is intended to control a robot that wanders the office areas of our laboratory, building maps of its surroundings using an onboard arm to perform simple tasks.},
author = {Brooks, R.},
doi = {10.1109/JRA.1986.1087032},
file = {:C$\backslash$:/Users/panov/Documents/Mendeley Desktop/IEEE Journal on Robotics and Automation/Brooks/Brooks - 1986 - A robust layered control system for a mobile robot.pdf:pdf},
isbn = {0882-4967 VO - 2},
issn = {0882-4967},
journal = {IEEE Journal on Robotics and Automation},
number = {1},
pages = {14--23},
pmid = {1805},
title = {{A robust layered control system for a mobile robot}},
volume = {2},
year = {1986}
}
