Automatically generated by Mendeley Desktop 1.19.2
Any changes to this file will be lost if it is regenerated by Mendeley.

BibTeX export options can be customized via Options -> BibTeX in Mendeley Desktop

@article{Lake2017,
abstract = {Recent progress in artificial intelligence has renewed interest in building systems that learn and think like people. Many advances have come from using deep neural networks trained end-to-end in tasks such as object recognition, video games, and board games, achieving performance that equals or even beats that of humans in some respects. Despite their biological inspiration and performance achievements, these systems differ from human intelligence in crucial ways. We review progress in cognitive science suggesting that truly human-like learning and thinking machines will have to reach beyond current engineering trends in both what they learn and how they learn it. Specifically, we argue that these machines should (1) build causal models of the world that support explanation and understanding, rather than merely solving pattern recognition problems; (2) ground learning in intuitive theories of physics and psychology to support and enrich the knowledge that is learned; and (3) harness compositionality and learning-to-learn to rapidly acquire and generalize knowledge to new tasks and situations. We suggest concrete challenges and promising routes toward these goals that can combine the strengths of recent neural network advances with more structured cognitive models.},
author = {Lake, Brenden M. and Ullman, Tomer D. and Tenenbaum, Joshua B. and Gershman, Samuel J.},
doi = {10.1017/S0140525X16001837},
file = {:C$\backslash$:/Users/panov/Documents/Mendeley Desktop/Behavioral and Brain Sciences/Lake et al/Lake et al. - 2017 - Building machines that learn and think like people.pdf:pdf},
issn = {0140-525X},
journal = {Behavioral and Brain Sciences},
month = {nov},
pages = {e253},
title = {{Building machines that learn and think like people}},
url = {https://doi.org/10.1017/S0140525X16001837 http://link.springer.com/10.1007/s10462-017-9608-9 https://www.cambridge.org/core/product/identifier/S0140525X16001837/type/journal{\_}article},
volume = {40},
year = {2017}
}
@book{Osipov2011a,
address = {М.},
author = {Осипов, Г.С.},
language = {russian},
publisher = {ФИЗМАТЛИТ},
title = {{Методы искусственного интеллекта}},
year = {2011}
}
@article{Tenenbaum2011,
abstract = {In coming to understand the world-in learning concepts, acquiring language, and grasping causal relations-our minds make inferences that appear to go far beyond the data available. How do we do it? This review describes recent approaches to reverse-engineering human learning and cognitive development and, in parallel, engineering more humanlike machine learning systems. Computational models that perform probabilistic inference over hierarchies of flexibly structured representations can address some of the deepest questions about the nature and origins of human thought: How does abstract knowledge guide learning and reasoning from sparse data? What forms does our knowledge take, across different domains and tasks? And how is that abstract knowledge itself acquired?},
author = {Tenenbaum, Joshua B. and Kemp, Charles and Griffiths, Thomas L. and Goodman, Noah D.},
doi = {10.1126/science.1192788},
file = {:C$\backslash$:/Users/panov/Documents/Mendeley Desktop/Science/Tenenbaum et al/Tenenbaum et al. - 2011 - How to grow a mind Statistics, structure, and abstraction.pdf:pdf},
isbn = {1095-9203 (Electronic)$\backslash$r0036-8075 (Linking)},
issn = {00368075},
journal = {Science},
number = {6022},
pages = {1279--1285},
pmid = {21393536},
title = {{How to grow a mind: Statistics, structure, and abstraction}},
volume = {331},
year = {2011}
}
@book{Nilsson1998,
address = {San Francisco},
author = {Nilsson, N. J.},
pages = {513},
publisher = {Morgan Kaufmann},
title = {{Artificial Intelligence: A New Synthesis}},
year = {1998}
}
@book{AIBook2006,
address = {М.},
author = {Рассел, Стюарт and Норвиг, Питер},
edition = {2-е},
file = {:C$\backslash$:/Users/panov/Documents/Mendeley Desktop/Unknown/Рассел, Норвиг/Рассел, Норвиг - 2006 - Искусственный интеллект современный подход.djvu:djvu},
language = {russian},
pages = {1408},
publisher = {Издательский дом "Вильямс"},
title = {{Искусственный интеллект: современный подход}},
year = {2006}
}
@techreport{Grosz2016,
author = {Grosz, Barbara J and Altman, Russ and Horvitz, Eric and Mackworth, Alan and Mitchell, Tom and Mulligan, Deirdre and Shoham, Yoav},
file = {:C$\backslash$:/Users/panov/Documents/Mendeley Desktop/Unknown/Grosz et al/Grosz et al. - 2016 - Artificial intelligence and life in 2030 One hundred year study on artificial intelligence.pdf:pdf},
institution = {Stanford University},
pages = {52},
title = {{Artificial intelligence and life in 2030: One hundred year study on artificial intelligence}},
year = {2016}
}
@book{Osipov2009b,
address = {М.},
author = {Осипов, Г. С.},
file = {:C$\backslash$:/Users/panov/Documents/Mendeley Desktop/Unknown/Осипов/Осипов - 2009 - Лекции по искусственному интеллекту.pdf:pdf},
keywords = {osipov},
language = {russian},
mendeley-tags = {osipov},
pages = {266},
publisher = {УРСС},
title = {{Лекции по искусственному интеллекту}},
year = {2009}
}
@article{Alan1950,
abstract = {Will computers and robots ever think and communicate$\backslash$nthe way humans do? When a computer crosses the$\backslash$nthreshold into self-consciousness, will it immediately$\backslash$njump into the Internet and create a World Mind? This is$\backslash$nan exploration of both the philosophical and$\backslash$nmethodological issues surrounding the search for true$\backslash$nartificial intelligence.},
archivePrefix = {arXiv},
arxivId = {10.2307/2251299},
author = {Alan, M},
doi = {http://dx.doi.org/10.1007/978-1-4020-6710-5_3},
eprint = {2251299},
file = {:C$\backslash$:/Users/panov/Documents/Mendeley Desktop/Mind/Alan/Alan - 1950 - Turing. Computing machinery and intelligence.pdf:pdf},
isbn = {1-4020-9624-0 (paperback), 1-4020-6708-9 (hardcover), 1-4020-6710-0 (e-book)},
issn = {0026-4423},
journal = {Mind},
number = {236},
pages = {433--460},
pmid = {18684640},
primaryClass = {10.2307},
title = {{Turing. Computing machinery and intelligence}},
url = {papers2://publication/uuid/E74CAAC6-F3DD-47E7-AEA6-5FB511730877},
volume = {59},
year = {1950}
}
@book{GaazeRappoport1987,
address = {М.},
author = {Гаазе-Рапопорт, М. Г. and Поспелов, Д. А.},
file = {:C$\backslash$:/Users/panov/Documents/Mendeley Desktop/Unknown/Гаазе-Рапопорт, Поспелов/Гаазе-Рапопорт, Поспелов - 1987 - От амебы до робота. Модели поведения.pdf:pdf},
language = {russian},
pages = {288},
publisher = {Наука},
title = {{От амебы до робота. Модели поведения.}},
year = {1987}
}
@article{Ingrand2017,
abstract = {Autonomous robots facing a diversity of open environments and performing a variety of tasks and interactions need explicit deliberation in order to fulfill their missions. Deliberation is meant to endow a robotic system with extended, more adaptable and robust functionalities, as well as reduce its deployment cost. The ambition of this survey is to present a global overview of deliberation functions in robotics and to discuss the state of the art in this area. The following five deliberation functions are identified and analyzed: planning, acting, monitoring, observing, and learning. The paper introduces a global perspective on these deliberation functions and discusses their main characteristics, design choices and constraints. The reviewed contributions are discussed with respect to this perspective. The survey focuses as much as possible on papers with a clear robotics content and with a concern on integrating several deliberation functions.},
author = {Ingrand, F{\'{e}}lix and Ghallab, Malik},
doi = {10.1016/j.artint.2014.11.003},
file = {:C$\backslash$:/Users/panov/Documents/Mendeley Desktop/Artificial Intelligence/Ingrand, Ghallab/Ingrand, Ghallab - 2017 - Deliberation for autonomous robots A survey.pdf:pdf},
issn = {00043702},
journal = {Artificial Intelligence},
keywords = {Acting,Deliberation,Learning,Monitoring,Observing,Planning,Robotics},
pages = {10--44},
publisher = {Elsevier B.V.},
title = {{Deliberation for autonomous robots: A survey}},
url = {http://dx.doi.org/10.1016/j.artint.2014.11.003},
volume = {247},
year = {2017}
}
@inproceedings{Potapov2003,
author = {Потапов, А. А.},
booktitle = {Сб. тр. третьего расширенного семинара "Использование методов искусственного интеллекта и высокопроизводительных вычислений в аэрокосмических исследованиях" (Переславль - Залесский, 26 - 27 ноября 2003 г., ИПС РАН)},
file = {:C$\backslash$:/Users/panov/Documents/Mendeley Desktop/Сб. тр. третьего расширенного семинара Использование методов искусственного интеллекта и высокопроизводительных вычислений в аэро., ИПС РАН)/Потапов/Потапов - 2003 - Фракталы в задачах искусственного интеллек.pdf:pdf},
language = {russian},
pages = {76--90},
title = {{Фракталы в задачах искусственного интеллекта: подходы, модели, некоторые результаты}},
year = {2003}
}
@book{Intelligence,
doi = {10.1007/978-3-662-43505-2},
editor = {Kacprzyk, Janusz and Pedrycz, Witold},
file = {:C$\backslash$:/Users/panov/Documents/Mendeley Desktop/Unknown/Unknown/Unknown - 2015 - Springer Handbook of Computational Intelligence.pdf:pdf},
isbn = {9783662435045},
pages = {1634},
publisher = {Springer-Verlag Berlin Heidelberg},
title = {{Springer Handbook of Computational Intelligence}},
year = {2015}
}
@book{1987,
address = {М.},
editor = {Стефанюк, В. Л.},
file = {:C$\backslash$:/Users/panov/Documents/Mendeley Desktop/Unknown/Unknown/Unknown - 1987 - Реальность и прогнозы искусственного интеллекта сборник статей.djvu:djvu},
language = {russian},
pages = {247},
publisher = {Мир},
title = {{Реальность и прогнозы искусственного интеллекта: сборник статей}},
year = {1987}
}
@article{Tarasov1998,
author = {Тарасов, В. Б.},
file = {:C$\backslash$:/Users/panov/Documents/Mendeley Desktop/Новости искусственного интеллекта/Тарасов/Тарасов - 1998 - Моделирование психических образов как совместить дискретное и непрерывное.pdf:pdf},
journal = {Новости искусственного интеллекта},
language = {russian},
number = {3},
pages = {86--100},
title = {{Моделирование психических образов : как совместить дискретное и непрерывное ?}},
year = {1998}
}
@book{Stefanuk2004,
address = {М.},
author = {Стефанюк, В. Л.},
file = {:C$\backslash$:/Users/panov/Documents/Mendeley Desktop/Unknown/Стефанюк/Стефанюк - 2004 - Локальная организация интеллектуальных систем.pdf:pdf},
language = {russian},
pages = {328},
publisher = {ФИЗМАТЛИТ},
title = {{Локальная организация интеллектуальных систем}},
year = {2004}
}
@book{Pospelov1989,
address = {М.},
author = {Поспелов, Д. А.},
file = {:C$\backslash$:/Users/panov/Documents/Mendeley Desktop/Unknown/Поспелов/Поспелов - 1989 - Моделирование рассуждений. Опыт анализа мыслительных актов.pdf:pdf},
language = {russian},
pages = {184},
publisher = {Радио и связь},
title = {{Моделирование рассуждений. Опыт анализа мыслительных актов}},
year = {1989}
}
@article{Vikhorev2009,
abstract = {We present a new approach to providing soft real- time guarantees for Belief-Desire-Intention (BDI) agents. We define what it means for BDI agents to operate in real time, or to satisfy real-time guarantees. We then develop a model of real-time performance which takes into account the time by which a task should be performed and the relative priority of tasks, and identify the key stages in a BDI architecture which must be bounded for real-time performance. As an illustration of our approach we introduce a new BDI architecture, ARTS, which allows the development of agents that guarantee (soft) real-time performance. ARTS extends ideas from PRS and JAM to include goals and plans which have deadlines and priorities, and schedules intentions so as to achieve the largest number of high priority intentions by their deadlines.},
author = {Vikhorev, Konstantin and Alechina, Natasha and Logan, Brian},
doi = {10.1007/978-3-642-13338-1_1},
file = {:C$\backslash$:/Users/panov/Documents/Mendeley Desktop/CEUR Workshop Proceedings/Vikhorev, Alechina, Logan/Vikhorev, Alechina, Logan - 2009 - The ARTS Real-Time Agent Architecture.pdf:pdf},
isbn = {3642133371},
issn = {16130073},
journal = {CEUR Workshop Proceedings},
keywords = {Arts,Bdi agents,Deadline,Priority,Real-time guarantees,Task scheduling},
pages = {286--292},
title = {{The ARTS Real-Time Agent Architecture}},
volume = {494},
year = {2009}
}
@book{Murphy2000,
address = {Massachusetts},
author = {Murphy, Robin R.},
file = {:C$\backslash$:/Users/panov/Documents/Mendeley Desktop/Unknown/Murphy/Murphy - 2000 - Introduction in AI Robotics.pdf:pdf},
isbn = {0262133830},
pages = {487},
publisher = {MIT Press},
title = {{Introduction in AI Robotics}},
year = {2000}
}
