Automatically generated by Mendeley Desktop 1.19.2
Any changes to this file will be lost if it is regenerated by Mendeley.

BibTeX export options can be customized via Options -> BibTeX in Mendeley Desktop

@article{Lake2017,
abstract = {Recent progress in artificial intelligence has renewed interest in building systems that learn and think like people. Many advances have come from using deep neural networks trained end-to-end in tasks such as object recognition, video games, and board games, achieving performance that equals or even beats that of humans in some respects. Despite their biological inspiration and performance achievements, these systems differ from human intelligence in crucial ways. We review progress in cognitive science suggesting that truly human-like learning and thinking machines will have to reach beyond current engineering trends in both what they learn and how they learn it. Specifically, we argue that these machines should (1) build causal models of the world that support explanation and understanding, rather than merely solving pattern recognition problems; (2) ground learning in intuitive theories of physics and psychology to support and enrich the knowledge that is learned; and (3) harness compositionality and learning-to-learn to rapidly acquire and generalize knowledge to new tasks and situations. We suggest concrete challenges and promising routes toward these goals that can combine the strengths of recent neural network advances with more structured cognitive models.},
author = {Lake, Brenden M. and Ullman, Tomer D. and Tenenbaum, Joshua B. and Gershman, Samuel J.},
doi = {10.1017/S0140525X16001837},
file = {:C$\backslash$:/Users/panov/Documents/Mendeley Desktop/Behavioral and Brain Sciences/Lake et al/Lake et al. - 2017 - Building machines that learn and think like people.pdf:pdf},
issn = {0140-525X},
journal = {Behavioral and Brain Sciences},
month = {nov},
pages = {e253},
title = {{Building machines that learn and think like people}},
url = {https://doi.org/10.1017/S0140525X16001837 http://link.springer.com/10.1007/s10462-017-9608-9 https://www.cambridge.org/core/product/identifier/S0140525X16001837/type/journal{\_}article},
volume = {40},
year = {2017}
}
@article{Winston1987,
author = {Winston, Morton E. and Chaffin, Roger and Herrmann, Douglas},
doi = {10.1207/s15516709cog1104_2},
file = {:C$\backslash$:/Users/panov/Documents/Mendeley Desktop/Cognitive Science/Winston, Chaffin, Herrmann/Winston, Chaffin, Herrmann - 1987 - A Taxonomy of Part-Whole Relations.pdf:pdf},
issn = {03640213},
journal = {Cognitive Science},
number = {4},
pages = {417--444},
title = {{A Taxonomy of Part-Whole Relations}},
url = {http://doi.wiley.com/10.1207/s15516709cog1104{\_}2},
volume = {11},
year = {1987}
}
@incollection{Osipov2014,
abstract = {Research and development (R and D) involves not only researchers but also many other specialists from different areas. All of them solve a variety of tasks that require comprehensive information and analytical support. This chapter discusses the major tasks arising in R and D: study of the state of the art in a given research area, prospects assessment of research fields and forecasting their development, quality assessment of scientific publications including plagiarism detection, and automated examination of proposed R and D projects. A number of informational and analytical systems have been developed to address these tasks. The main goal of this chapter is to give a review of R and D support functions of well-known and widely-used search and analytical systems and discuss information retrieval methods behind these functions.},
author = {Osipov, Gennady and Smirnov, Ivan and Tikhomirov, Ilya and Sochenkov, Ilya and Shelmanov, Artem and Shvets, Alexander},
booktitle = {Professional Search in the Modern World},
doi = {10.1007/978-3-319-12511-4_4},
editor = {Paltoglou, Georgios and Loizides, Fernando and Hansen, Preben},
file = {:C$\backslash$:/Users/panov/Documents/Mendeley Desktop/Professional Search in the Modern World/Osipov et al/Osipov et al. - 2014 - Information Retrieval for R{\&}D Support.pdf:pdf},
isbn = {03029743},
issn = {16113349},
keywords = {Full-text search,R{\&}D support,citation databases,exploratory search,information retrieval,osipov,scien- tific publication,scientometrics},
mendeley-tags = {osipov},
pages = {45--69},
publisher = {Springer International Publishing},
series = {Lecture Notes in Computer Science},
title = {{Information Retrieval for R{\&}D Support}},
url = {http://www.scopus.com/inward/record.url?eid=2-s2.0-84921341791{\&}partnerID=40{\&}md5=bf30477287c22c98d11aa84659e1107a},
year = {2014}
}
@book{Gusserl2001,
address = {М.},
author = {Гуссерль, Эдмунд},
file = {:C$\backslash$:/Users/panov/Documents/Mendeley Desktop/Unknown/Гуссерль/Гуссерль - 2001 - Собрание сочинений. Т. 3 (1). Логические исследования.pdf:pdf},
keywords = {semiotics},
language = {russian},
mendeley-tags = {semiotics},
pages = {470},
publisher = {Гнозис, Дом интеллектуальной книги},
title = {{Собрание сочинений. Т. 3 (1). Логические исследования}},
translator = {Молчанов, В. И.},
volume = {II (1)},
year = {2001}
}
@inproceedings{Dubba2010,
author = {Dubba, Krishna S R and Cohn, Anthony G and Hogg, David C},
booktitle = {ECAI 2010: 19th European Conference on Artificial Intelligence, 16-20 August 2010, Lisbon, Portugal : Including Prestigious Applications of Artificial Intelligence (PAIS-2010) : Proceedings},
doi = {10.3233/978-1-60750-606-5-93},
file = {:C$\backslash$:/Users/panov/Documents/Mendeley Desktop/ECAI 2010 19th European Conference on Artificial Intelligence, 16-20 August 2010, Lisbon, Portugal Including Prestigious Applications of Ar./Dubba, Cohn, Hogg/Dubba, Cohn, Hogg - 2010 - Event Model Learning.pdf:pdf},
isbn = {9781607506065},
pages = {93--98},
title = {{Event Model Learning from Complex Videos using ILP}},
year = {2010}
}
@book{Osipov2011a,
address = {М.},
author = {Осипов, Г.С.},
language = {russian},
publisher = {ФИЗМАТЛИТ},
title = {{Методы искусственного интеллекта}},
year = {2011}
}
@article{Zuravlev1989a,
author = {Журавлёв, Ю. И. and Гуревич, И. Б.},
file = {:C$\backslash$:/Users/panov/Documents/Mendeley Desktop/Распознавание. Классификация. Прогноз/Журавлёв, Гуревич/Журавлёв, Гуревич - 1989 - Распознавание образов и распознавание изображений.pdf:pdf},
journal = {Распознавание. Классификация. Прогноз},
language = {russian},
number = {2},
pages = {5--72},
title = {{Распознавание образов и распознавание изображений}},
year = {1989}
}
@incollection{Zhuravlev1987,
address = {М.},
author = {Журавлёв, Ю. И. and Рудаков, К. В.},
booktitle = {Проблемы прикладной математики и информатики},
file = {:C$\backslash$:/Users/panov/Documents/Mendeley Desktop/Проблемы прикладной математики и информатики/Журавлёв, Рудаков/Журавлёв, Рудаков - 1987 - Об алгебраической коррекции процедур обработки (преобразования) информации.pdf:pdf},
language = {russian},
pages = {187--198},
publisher = {Наука},
title = {{Об алгебраической коррекции процедур обработки (преобразования) информации}},
year = {1987}
}
@incollection{Herskovits1997,
author = {Herskovits, Annette},
booktitle = {Spatial and Temporal Reasoning},
editor = {Stock, O.},
file = {:C$\backslash$:/Users/panov/Documents/Mendeley Desktop/Spatial and Temporal Reasoning/Herskovits/Herskovits - 1997 - Language, Spatial Cognition, and Vision.pdf:pdf},
pages = {155--202},
publisher = {Springer},
title = {{Language, Spatial Cognition, and Vision}},
year = {1997}
}
@book{Pierce2000a,
address = {СПб.},
author = {Пирс, Ч. С.},
file = {:C$\backslash$:/Users/panov/Documents/Mendeley Desktop/Unknown/Пирс/Пирс - 2000 - Начала прагматизма.pdf:pdf},
isbn = {5893292596},
keywords = {semiotics},
language = {russian},
mendeley-tags = {semiotics},
pages = {318},
publisher = {Алетейя},
title = {{Начала прагматизма}},
translator = {Кирющенко, В. В. and Колопотина, М. В.},
volume = {I},
year = {2000}
}
@book{Brachman2004,
author = {Brachman, Ronald J and Levesque, Hector J},
file = {:C$\backslash$:/Users/panov/Documents/Mendeley Desktop/Unknown/Brachman, Levesque/Brachman, Levesque - 2004 - Knowledge Representation and Reasoning Acknowledgments Preface.pdf:pdf},
pages = {381},
publisher = {Morgan Kaufmann},
title = {{Knowledge Representation and Reasoning Acknowledgments Preface}},
year = {2004}
}
@book{Zadeh2012,
author = {Zadeh, Lotfi A.},
doi = {10.1007/978-3-642-27473-2},
publisher = {Springer Berlin Heidelberg},
series = {Studies in Fuzziness and Soft Computing},
title = {{Computing with Words}},
url = {http://link.springer.com/book/10.1007{\%}2F978-3-642-27473-2},
year = {2012}
}
@article{Osipov2008b,
author = {Осипов, Г. С.},
file = {:C$\backslash$:/Users/panov/Documents/Mendeley Desktop/Искусственный интеллект и принятие решений/Осипов/Осипов - 2008 - Динамические интеллектуальные системы.pdf:pdf},
journal = {Искусственный интеллект и принятие решений},
keywords = {osipov},
language = {russian},
mendeley-tags = {osipov},
number = {1},
pages = {47--54},
title = {{Динамические интеллектуальные системы}},
year = {2008}
}
@book{Vagin1988,
address = {М.},
author = {Вагин, В. Н.},
file = {:C$\backslash$:/Users/panov/Documents/Mendeley Desktop/Unknown/Вагин/Вагин - 1988 - Дедукция и обобщения в системах принятия решений.pdf:pdf},
language = {russian},
pages = {384},
publisher = {Наука},
title = {{Дедукция и обобщения в системах принятия решений}},
year = {1988}
}
@book{Peirce,
annote = {NULL},
author = {Peirce, C.S.},
editor = {Hartshorne, C. and Weiss, P.},
publisher = {Harvard University Press},
title = {{The Collected Papers of Charles Sanders Peirce}},
year = {1958}
}
@article{Tenenbaum2011,
abstract = {In coming to understand the world-in learning concepts, acquiring language, and grasping causal relations-our minds make inferences that appear to go far beyond the data available. How do we do it? This review describes recent approaches to reverse-engineering human learning and cognitive development and, in parallel, engineering more humanlike machine learning systems. Computational models that perform probabilistic inference over hierarchies of flexibly structured representations can address some of the deepest questions about the nature and origins of human thought: How does abstract knowledge guide learning and reasoning from sparse data? What forms does our knowledge take, across different domains and tasks? And how is that abstract knowledge itself acquired?},
author = {Tenenbaum, Joshua B. and Kemp, Charles and Griffiths, Thomas L. and Goodman, Noah D.},
doi = {10.1126/science.1192788},
file = {:C$\backslash$:/Users/panov/Documents/Mendeley Desktop/Science/Tenenbaum et al/Tenenbaum et al. - 2011 - How to grow a mind Statistics, structure, and abstraction.pdf:pdf},
isbn = {1095-9203 (Electronic)$\backslash$r0036-8075 (Linking)},
issn = {00368075},
journal = {Science},
number = {6022},
pages = {1279--1285},
pmid = {21393536},
title = {{How to grow a mind: Statistics, structure, and abstraction}},
volume = {331},
year = {2011}
}
@article{Khardon1999,
abstract = {We introduce a new framework for the study of reasoning. The Learning (in order) to Reason approach developed here views learning as an integral part of the inference process, and suggests that learning and reasoning should be studied together. The Learning to Reason framework combines the interfaces to the world used by known learning models with the reasoning task and a performance criterion suitable for it. In this framework, the intelligent agent is given access to its favorite learning interface, and is also given a grace period in which it can interact with this interface and construct a representation KB of the world W. The reasoning performance is measured only after this period, when the agent is presented with queries a from some query language, relevant to the world, and has to answer whether W implies a. The approach is meant to overcome the main computational difficulties in the traditional treatment of reasoning which stem from its separation from the “world”. Since the agent interacts with the world when constructing its knowledge representation it can choose a representation that is useful for the task at hand. Moreover, we can now make explicit the dependence of the reasoning performance on the environment the agent interacts with. We show how previous results from learning theory and reasoning fit into this framework and illustrate the usefulness of the Learning to Reason approach by exhibiting new results that are not possible in the traditional setting. First, we give Learning to Reason algorithms for classes of propositional languages for which there are no efficient reasoning algorithms, when represented as a traditional (formula-based) knowledge base. Second, we exhibit a Learning to Reason algorithm for a class of propositional languages that is not known to be learnable in the traditional sense.},
author = {Khardon, Roni and Roth, Dan},
doi = {10.1023/A:1007581123604},
file = {:C$\backslash$:/Users/panov/Documents/Mendeley Desktop/Machine Learning/Khardon, Roth/Khardon, Roth - 1999 - Learning to reason with a restricted view.pdf:pdf},
isbn = {0-262-61102-3},
issn = {08856125},
journal = {Machine Learning},
keywords = {computational learning theory,partial assignments,reasoning},
number = {2},
pages = {95--116},
title = {{Learning to reason with a restricted view}},
volume = {35},
year = {1999}
}
@article{Lieto2014,
author = {Lieto, Antonio},
doi = {10.1016/j.procs.2014.11.078},
file = {:C$\backslash$:/Users/panov/Documents/Mendeley Desktop/Procedia Computer Science/Lieto/Lieto - 2014 - A Computational Framework for Concept Representation in Cognitive Systems and Architectures Concepts as Heterogeneous Pro.pdf:pdf},
issn = {18770509},
journal = {Procedia Computer Science},
keywords = {cognitive architectures,cognitive systems,concept representation,knowledge representation},
pages = {6--14},
publisher = {Elsevier Masson SAS},
title = {{A Computational Framework for Concept Representation in Cognitive Systems and Architectures: Concepts as Heterogeneous Proxytypes}},
url = {http://linkinghub.elsevier.com/retrieve/pii/S1877050914015233},
volume = {41},
year = {2014}
}
@article{Osipov2008a,
abstract = {The paper suggests a classification of dynamic rule-based systems. For each class of systems, limit behavior is studied. Systems with stabilizing limit states or stabilizing limit trajectories are identified, and such states and trajectories are found. The structure of the set of limit states and trajectories is investigated.},
author = {Osipov, G. S.},
file = {:C$\backslash$:/Users/panov/Documents/Mendeley Desktop/Information Theories and Applications/Osipov/Osipov - 2008 - Limit behaviour of dynamic rule-based systems.pdf:pdf},
journal = {Information Theories and Applications},
keywords = {Dynamic rule-based systems,limit trajectories,osipov,set of attainable states},
mendeley-tags = {osipov},
pages = {115--119},
title = {{Limit behaviour of dynamic rule-based systems}},
volume = {15},
year = {2008}
}
@book{Nilsson1998,
address = {San Francisco},
author = {Nilsson, N. J.},
pages = {513},
publisher = {Morgan Kaufmann},
title = {{Artificial Intelligence: A New Synthesis}},
year = {1998}
}
@incollection{Kitano1998,
author = {Kitano, Hiroaki and Asada, Minoru and Kuniyoshi, Yasuo and Noda, Itsuki and Osawai, Eiichi and Matsubara, Hitoshi},
booktitle = {RoboCup-97: Robot Soccer World Cup I},
doi = {10.1007/3-540-64473-3_46},
file = {:C$\backslash$:/Users/panov/Documents/Mendeley Desktop/RoboCup-97 Robot Soccer World Cup I/Kitano et al/Kitano et al. - 1998 - RoboCup A challenge problem for AI and robotics.pdf:pdf},
pages = {1--19},
publisher = {Springer Berlin Heidelberg},
title = {{RoboCup: A challenge problem for AI and robotics}},
url = {http://link.springer.com/10.1007/3-540-64473-3{\_}46},
year = {1998}
}
@incollection{Fillmore1988,
address = {М.},
author = {Филлмор, Ч.},
booktitle = {Новое в зарубежной лингвистике},
editor = {Петров, В.В. and Герасимов, В.И.},
language = {russian},
pages = {52--92},
publisher = {Прогресс},
title = {{Фреймы и семантика понимания}},
volume = {XXIII},
year = {1988}
}
@inproceedings{Baxter2010,
author = {Baxter, Rolf and Lane, David and Petillot, Yvan},
booktitle = {ECAI 2010: 19th European Conference on Artificial Intelligence, 16-20 August 2010, Lisbon, Portugal : Including Prestigious Applications of Artificial Intelligence (PAIS-2010) : Proceedings},
doi = {10.3233/978-1-60750-606-5-803},
file = {:C$\backslash$:/Users/panov/Documents/Mendeley Desktop/ECAI 2010 19th European Conference on Artificial Intelligence, 16-20 August 2010, Lisbon, Portugal Including Prestigious Applications of Ar./Baxter, Lane, Petillot/Baxter, Lane, Petillot - 2010 - Recognising.pdf:pdf},
isbn = {9781607506065},
pages = {803--808},
title = {{Recognising Agent Behaviour During Variable Length Activities}},
year = {2010}
}
@inproceedings{Osipov2004,
author = {Osipov, G. S.},
booktitle = {Proceedings of the 6th Joint Conference on Knowledge-Based Software Engineering},
editor = {Stefanuk, V. and Kajiri, K.},
keywords = {osipov},
mendeley-tags = {osipov},
pages = {189--196},
publisher = {IOS Press},
series = {Frontiers in Artificial Intelligence and Applications},
title = {{Goal-Orientation for Systems with Proper Behavior}},
year = {2004}
}
@inproceedings{Baader2010,
author = {Baader, Franz and Liu, Hongkai and Mehdi, Anees},
booktitle = {ECAI 2010: 19th European Conference on Artificial Intelligence, 16-20 August 2010, Lisbon, Portugal : Including Prestigious Applications of Artificial Intelligence (PAIS-2010) : Proceedings},
doi = {10.3233/978-1-60750-606-5-53},
file = {:C$\backslash$:/Users/panov/Documents/Mendeley Desktop/ECAI 2010 19th European Conference on Artificial Intelligence, 16-20 August 2010, Lisbon, Portugal Including Prestigious Applications of Ar./Baader, Liu, Mehdi/Baader, Liu, Mehdi - 2010 - Verifying Propertie.pdf:pdf},
isbn = {9781607506065},
pages = {53--58},
title = {{Verifying Properties of Infinite Sequences of Description Logic Actions}},
year = {2010}
}
@book{Baader2003,
address = {Cambridge},
editor = {Baader, Franz and Calvanese, Diego and McGuinness, Deborah L. and Nardi, Daniele and Patel-Schneider, Peter F.},
file = {:C$\backslash$:/Users/panov/Documents/Mendeley Desktop/Unknown/Unknown/Unknown - 2003 - The Description Logic Handbook.pdf:pdf},
isbn = {9780521781763},
pages = {573},
publisher = {Cambridge University Press},
title = {{The Description Logic Handbook}},
year = {2003}
}
@article{Zhuravlev1989b,
author = {Журавлёв, Ю. И.},
file = {:C$\backslash$:/Users/panov/Documents/Mendeley Desktop/Распознавание. Классификация. Прогноз/Журавлёв/Журавлёв - 1989 - Об алгебраических методах распознавания в задачах распознавнаия и классификации.pdf:pdf},
journal = {Распознавание. Классификация. Прогноз},
language = {russian},
number = {1},
pages = {9--16},
title = {{Об алгебраических методах распознавания в задачах распознавнаия и классификации}},
year = {1989}
}
@article{Zhuravlev2002,
author = {Журавлёв, Ю. И.},
file = {:C$\backslash$:/Users/panov/Documents/Mendeley Desktop/Проблемы кибернетики/Журавлёв/Журавлёв - 1978 - Об алгебраическом подходе к решению задач распознавания или классификации.pdf:pdf},
journal = {Проблемы кибернетики},
language = {russian},
number = {33},
pages = {5--68},
title = {{Об алгебраическом подходе к решению задач распознавания или классификации}},
year = {1978}
}
@book{AIBook2006,
address = {М.},
author = {Рассел, Стюарт and Норвиг, Питер},
edition = {2-е},
file = {:C$\backslash$:/Users/panov/Documents/Mendeley Desktop/Unknown/Рассел, Норвиг/Рассел, Норвиг - 2006 - Искусственный интеллект современный подход.djvu:djvu},
language = {russian},
pages = {1408},
publisher = {Издательский дом "Вильямс"},
title = {{Искусственный интеллект: современный подход}},
year = {2006}
}
@article{Brooks1991a,
author = {Brooks, Rodney A},
file = {:C$\backslash$:/Users/panov/Documents/Mendeley Desktop/Artificial Intelligence/Brooks/Brooks - 1991 - Intelligence without representation(2).pdf:pdf},
journal = {Artificial Intelligence},
pages = {139--159},
title = {{Intelligence without representation}},
volume = {47},
year = {1991}
}
@article{Osipov2010,
abstract = {This paper concerns a new class of systems that are, on the one hand, dynamic systems, and on the other, intelligent systems, as their dynamics is described by knowledge representation, which is a common practice to use in intelligent systems, and the states are described by parameters and variables that have a logical or linguistic character. The case is considered when the rule system is used as a method of knowledge representation.},
author = {Osipov, G. S.},
doi = {10.3103/S0147688210050023},
file = {:C$\backslash$:/Users/panov/Documents/Mendeley Desktop/Scientific and Technical Information Processing/Osipov/Osipov - 2010 - Intelligent dynamic systems.pdf:pdf},
issn = {0147-6882},
journal = {Scientific and Technical Information Processing},
keywords = {attainability,controllability,disturbance compensation,knowledge bases,rule-based dynamic systems,stability,strategies},
number = {5},
pages = {259--264},
title = {{Intelligent dynamic systems}},
volume = {37},
year = {2010}
}
@article{Osipov2002a,
author = {Осипов, Г. С. and Виноградов, А. Н. and Жилякова, Л. Ю.},
journal = {Известия АН. Теория и системы управления},
keywords = {osipov},
language = {russian},
mendeley-tags = {osipov},
number = {6},
pages = {119--127},
title = {{Динамические интеллектуальные системы. I. Представление знаний и основные алгоритмы}},
year = {2002}
}
@article{Bergtholdt2010,
author = {Bergtholdt, Martin and Kapes, Jorgen and Schmidt, Stefan and Schnorr, Christoph},
file = {:C$\backslash$:/Users/panov/Documents/Mendeley Desktop/International Journal of Computer Vision/Bergtholdt et al/Bergtholdt et al. - 2010 - A Study of Parts-Based Object Class Detection Using Complete Graphs.pdf:pdf},
journal = {International Journal of Computer Vision},
keywords = {2d,3d pose,classifica-,conditional random fields,gle view,graphical models,inference,learning,multi-class,multiple view,object class recognition,object detection,optimization,sin-,tion},
number = {1-2},
pages = {93--117},
title = {{A Study of Parts-Based Object Class Detection Using Complete Graphs}},
volume = {87},
year = {2010}
}
@book{Jakus2013,
address = {New York},
author = {Jakus, Grega and Milutinovic, Veljko and Omerovic, Sanida and Tomazic, Saso},
file = {:C$\backslash$:/Users/panov/Documents/Mendeley Desktop/Unknown/Jakus et al/Jakus et al. - 2013 - Concepts, Ontologies, and Knowledge Representation.pdf:pdf},
isbn = {9781461478218},
pages = {67},
publisher = {Srpinger},
title = {{Concepts, Ontologies, and Knowledge Representation}},
year = {2013}
}
@techreport{Grosz2016,
author = {Grosz, Barbara J and Altman, Russ and Horvitz, Eric and Mackworth, Alan and Mitchell, Tom and Mulligan, Deirdre and Shoham, Yoav},
file = {:C$\backslash$:/Users/panov/Documents/Mendeley Desktop/Unknown/Grosz et al/Grosz et al. - 2016 - Artificial intelligence and life in 2030 One hundred year study on artificial intelligence.pdf:pdf},
institution = {Stanford University},
pages = {52},
title = {{Artificial intelligence and life in 2030: One hundred year study on artificial intelligence}},
year = {2016}
}
@inproceedings{Trijp2012,
author = {van Trijp, Remi},
booktitle = {ECAI 2012: 20h European Conference on Artificial Intelligence: Proceedings},
doi = {10.3233/978-1-61499-098-7-798},
file = {:C$\backslash$:/Users/panov/Documents/Mendeley Desktop/ECAI 2012 20h European Conference on Artificial Intelligence Proceedings/Trijp/Trijp - 2012 - Self-Assessing Agents for Explaining Language Change A Case Study in German.pdf:pdf},
isbn = {9781614990987},
pages = {798--803},
title = {{Self-Assessing Agents for Explaining Language Change: A Case Study in German}},
year = {2012}
}
@article{Osipov1990,
author = {Осипов, Г. С.},
journal = {Известия АН СССР. Техническая кибернетика},
language = {russian},
number = {5},
pages = {32--45},
title = {{Построение моделей предметных областей. Ч. I. Неоднородные семантические сети}},
year = {1990}
}
@book{Frege2000,
address = {М.},
author = {Фреге, Готтлоб},
editor = {Кузичева, З. А.},
file = {:C$\backslash$:/Users/panov/Documents/Mendeley Desktop/Unknown/Фреге/Фреге - 2000 - Логика и логическая семантика Сборник трудов.pdf:pdf},
keywords = {semiotics},
language = {russian},
mendeley-tags = {semiotics},
pages = {512},
publisher = {Аспект Пресс},
title = {{Логика и логическая семантика: Сборник трудов}},
translator = {Бирюков, Б. В.},
year = {2000}
}
@article{Bolotnikova,
author = {Гаврилова, Т. А. and Горовой, В. А. and Болотникова, Е. С.},
file = {:C$\backslash$:/Users/panov/Documents/Mendeley Desktop/Искусственный интеллект и принятие решений/Гаврилова, Горовой, Болотникова/Гаврилова, Горовой, Болотникова - 2009 - Оценка когнитивной эргономичности онтологии на основе анализа графа.pdf:pdf},
journal = {Искусственный интеллект и принятие решений},
keywords = {cognitive ergonomics,ontology evaluation},
language = {russian},
number = {3},
pages = {33--41},
title = {{Оценка когнитивной эргономичности онтологии на основе анализа графа}},
year = {2009}
}
@article{Richardson2006,
abstract = {We propose a simple approach to combining first-order logic and probabilistic graphical models in a single representation. A Markov logic network (MLN) is a first-order knowledge base with a weight attached to each formula (or clause). Together with a set of constants representing objects in the domain, it specifies a ground Markov network containing one feature for each possible grounding of a first-order formula in the KB, with the corresponding weight. Inference in MLNs is performed by MCMC over the minimal subset of the ground network required for answering the query. Weights are efficiently learned from relational databases by iteratively optimizing a pseudo-likelihood measure. Optionally, additional clauses are learned using inductive logic programming techniques. Experiments with a real-world database and knowledge base in a university domain illustrate the promise of this approach.},
author = {Richardson, Matthew and Domingos, P},
doi = {10.1007/s10994-006-5833-1},
file = {:C$\backslash$:/Users/panov/Documents/Mendeley Desktop/Machine learning/Richardson, Domingos/Richardson, Domingos - 2006 - Markov logic networks.pdf:pdf},
isbn = {0885-6125},
issn = {0885-6125},
journal = {Machine learning},
keywords = {first-order logic,graphical models,inductive logic programming,know-,ledge-based model construction,link predic-,log-linear,markov chain monte carlo,markov networks,markov random fields,models,pseudo-likelihood,satisfiability,statistical relational learning},
number = {1-2},
pages = {107--136},
pmid = {20958249},
title = {{Markov logic networks}},
url = {http://link.springer.com/article/10.1007/s10994-006-5833-1},
volume = {62},
year = {2006}
}
@article{Vorontcov2004a,
author = {Воронцов, К. В.},
file = {:C$\backslash$:/Users/panov/Documents/Mendeley Desktop/Доклады РАН/Воронцов/Воронцов - 2004 - Комбинаторные оценки качества обучения по прецедентам.pdf:pdf},
journal = {Доклады РАН},
language = {russian},
number = {2},
pages = {175--178},
title = {{Комбинаторные оценки качества обучения по прецедентам}},
volume = {394},
year = {2004}
}
@book{Osipov2009b,
address = {М.},
author = {Осипов, Г. С.},
file = {:C$\backslash$:/Users/panov/Documents/Mendeley Desktop/Unknown/Осипов/Осипов - 2009 - Лекции по искусственному интеллекту.pdf:pdf},
keywords = {osipov},
language = {russian},
mendeley-tags = {osipov},
pages = {266},
publisher = {УРСС},
title = {{Лекции по искусственному интеллекту}},
year = {2009}
}
@article{Huang2012,
author = {Huang, Bing and Li, Hua-xiong and Wei, Da-kuan},
doi = {10.1016/j.knosys.2011.12.008},
file = {:C$\backslash$:/Users/panov/Documents/Mendeley Desktop/Knowledge-Based Systems/Huang, Li, Wei/Huang, Li, Wei - 2012 - Dominance-based rough set model in intuitionistic fuzzy information systems.pdf:pdf},
issn = {09507051},
journal = {Knowledge-Based Systems},
pages = {115--123},
publisher = {Elsevier B.V.},
title = {{Dominance-based rough set model in intuitionistic fuzzy information systems}},
url = {http://linkinghub.elsevier.com/retrieve/pii/S0950705111002747},
volume = {28},
year = {2012}
}
@article{Zhuge2005,
author = {Zhuge, Hai and Sun, Yunchuan and Jia, Ruixiang and Liu, Jie},
doi = {10.1504/IJHPCN.2005.008565},
file = {:C$\backslash$:/Users/panov/Documents/Mendeley Desktop/International Journal of High Performance Computing and Networking/Zhuge et al/Zhuge et al. - 2005 - Algebra model and experiment for semantic link network.pdf:pdf},
issn = {1740-0562},
journal = {International Journal of High Performance Computing and Networking},
keywords = {2005,227,238,3,4,algebra model and experiment,and,follows,for semantic link network,h,high performance computing and,int,j,jia,knowledge grid,liu,matrix,networking,no,pp,r,reference to this paper,semantic grid,semantic link,semantic web,should be made as,sun,vol,y,zhuge},
number = {4},
pages = {227--238},
title = {{Algebra model and experiment for semantic link network}},
url = {http://www.inderscience.com/link.php?id=8565},
volume = {3},
year = {2005}
}
@article{Zhuravlev1977,
author = {Журавлёв, Ю. И.},
journal = {Кибернектика},
language = {russian},
number = {4},
pages = {5--17},
title = {{Корректные алгебры над множеством некорректных (эвристических) алгоритмов. Часть I}},
year = {1977}
}
@article{Allen1983,
abstract = {-},
author = {Allen, James F.},
doi = {10.1145/182.358434},
file = {:C$\backslash$:/Users/panov/Documents/Mendeley Desktop/Communications of the ACM/Allen/Allen - 1983 - Maintaining knowledge about temporal intervals.pdf:pdf},
isbn = {1558600957},
issn = {00010782},
journal = {Communications of the ACM},
number = {11},
pages = {832--843},
pmid = {18068905},
title = {{Maintaining knowledge about temporal intervals}},
volume = {26},
year = {1983}
}
@article{Borgida1996,
abstract = {It is natural to view concept and role definitions in description logics as expressing monadic and dyadic predicates in predicate calculus. We show that the descriptions built using the constructors usually considered in the DL literature are characterized exactly as the predicates definable by formulas in $\backslash$̈tL3, the subset of first-order predicate calculus with monadic and dyadic predicates which allows only three variable symbols. In order to handle “number bounds”, we allow numeric quantifiers, and for transitive closure of roles we use infinitary disjunction. Using previous results in the literature concerning languages with limited numbers of variables, we get as corollaries the existence of formulas of FOPC which cannot be expressed as descriptions. We also show that by omitting role composition, descriptions express exactly the formulas in $\backslash$̈tL2, which is known to be decidable.},
author = {Borgida, Alex},
doi = {10.1016/0004-3702(96)00004-5},
file = {:C$\backslash$:/Users/panov/Documents/Mendeley Desktop/Artificial Intelligence/Borgida/Borgida - 1996 - On the relative expressiveness of description logics and predicate logics.pdf:pdf},
isbn = {0004-3702},
issn = {00043702},
journal = {Artificial Intelligence},
number = {1-2},
pages = {353--367},
title = {{On the relative expressiveness of description logics and predicate logics}},
volume = {82},
year = {1996}
}
@book{Harmelen,
address = {Amsterdam},
author = {van Harmelen, Frank and Lifschitz, Vladimir and Porter, Bruce},
file = {:C$\backslash$:/Users/panov/Documents/Mendeley Desktop/Unknown/Harmelen, Lifschitz, Porter/Harmelen, Lifschitz, Porter - 2008 - Handbook of Knowledge Representation.pdf:pdf},
isbn = {9780444522115},
pages = {1005},
publisher = {Elsevier},
title = {{Handbook of Knowledge Representation}},
year = {2008}
}
@article{Bengio2013,
abstract = {The success of machine learning algorithms generally depends on data representation, and we hypothesize that this is because different representations can entangle and hide more or less the different explanatory factors of variation behind the data. Although specific domain knowledge can be used to help design representations, learning with generic priors can also be used, and the quest for AI is motivating the design of more powerful representation-learning algorithms implementing such priors. This paper reviews recent work in the area of unsupervised feature learning and deep learning, covering advances in probabilistic models, auto-encoders, manifold learning, and deep networks. This motivates longer-term unanswered questions about the appropriate objectives for learning good representations, for computing representations (i.e., inference), and the geometrical connections between representation learning, density estimation and manifold learning.},
archivePrefix = {arXiv},
arxivId = {1206.5538},
author = {Bengio, Yoshua and Courville, Aaron and Vincent, Pascal},
doi = {10.1109/TPAMI.2013.50},
eprint = {1206.5538},
file = {:C$\backslash$:/Users/panov/Documents/Mendeley Desktop/IEEE Transactions on Pattern analysis and Machine intelligence/Bengio, Courville, Vincent/Bengio, Courville, Vincent - 2013 - Representation learning A review and new perspectives.pdf:pdf},
isbn = {0162-8828 VO - 35},
issn = {01628828},
journal = {IEEE Transactions on Pattern analysis and Machine intelligence},
number = {8},
pages = {1789--1828},
pmid = {23459267},
title = {{Representation learning: A review and new perspectives}},
url = {http://www.ncbi.nlm.nih.gov/pubmed/23459267{\%}5Cnhttp://arxiv.org/abs/1206.5538{\%}5Cnhttp://ieeexplore.ieee.org/xpls/abs{\_}all.jsp?arnumber=6472238},
volume = {35},
year = {2013}
}
@book{1988,
address = {М.},
author = {Вагин, В. Н.},
file = {:C$\backslash$:/Users/panov/Documents/Mendeley Desktop/Unknown/Вагин/Вагин - 1988 - Дедукция и обобщение в системах принятия решений.djvu:djvu},
language = {russian},
pages = {384},
publisher = {Наука},
title = {{Дедукция и обобщение в системах принятия решений}},
year = {1988}
}
@incollection{Zarri2012,
author = {Zarri, Gian Piero},
booktitle = {Behavior Computing},
doi = {10.1007/978-1-4471-2969-1},
editor = {Cao, Longbing and Yu, Philip S.},
file = {:C$\backslash$:/Users/panov/Documents/Mendeley Desktop/Behavior Computing/Zarri/Zarri - 2012 - Behaviour Representation and Management Making Use of the Narrative Knowledge Representation Language.pdf:pdf},
isbn = {978-1-4471-2968-4},
pages = {37--56},
publisher = {Springer London},
title = {{Behaviour Representation and Management Making Use of the Narrative Knowledge Representation Language}},
url = {http://link.springer.com/10.1007/978-1-4471-2969-1},
year = {2012}
}
@article{Huang2009,
author = {Huang, Jih-Jeng},
doi = {10.1016/j.knosys.2009.05.008},
file = {:C$\backslash$:/Users/panov/Documents/Mendeley Desktop/Knowledge-Based Systems/Huang/Huang - 2009 - The evolutionary perspective of knowledge creation – A mathematical representation.pdf:pdf},
issn = {09507051},
journal = {Knowledge-Based Systems},
keywords = {competitive advantage,knowledge management},
number = {6},
pages = {430--438},
publisher = {Elsevier B.V.},
title = {{The evolutionary perspective of knowledge creation – A mathematical representation}},
url = {http://linkinghub.elsevier.com/retrieve/pii/S0950705109000859},
volume = {22},
year = {2009}
}
@article{Unknowna,
author = {Ананьева, М. И. and Кузнецова, Ю. М. and Чудова, Н. В.},
file = {:C$\backslash$:/Users/panov/Documents/Mendeley Desktop/Труды Института Системного Анализа РАН/Ананьева, Кузнецова, Чудова/Ананьева, Кузнецова, Чудова - 2018 - Сценарий как форма репрезентации события в знаковой картине мира.docx:docx},
journal = {Труды Института Системного Анализа РАН},
language = {russian},
pages = {(В печати)},
title = {{Сценарий как форма репрезентации события в знаковой картине мира}},
year = {2018}
}
@article{Zhdanov1999,
author = {Жданов, А. А.},
file = {:C$\backslash$:/Users/panov/Documents/Mendeley Desktop/Известия РАН. Теория и системы управления/Жданов/Жданов - 1999 - Метод автномного адаптивного управления.pdf:pdf},
journal = {Известия РАН. Теория и системы управления},
language = {russian},
number = {5},
pages = {127--134},
title = {{Метод автномного адаптивного управления}},
year = {1999}
}
@article{Brooks1991,
abstract = {Artificial intelligence research has foundered on the issue of representation.$\backslash$nWhen intelligence is approached in an incremental manner, with strict$\backslash$nreliance on interfacing to the real world through perception and$\backslash$naction, reliance on representation disappears. In this paper we outline$\backslash$nour approach to incrementally building complete intelligent Creatures.$\backslash$nThe fundamental decomposition of the intelligent system is not into$\backslash$nindependent information processing units which must interface with$\backslash$neach other via representations. Instead, the intelligent system is$\backslash$n$\backslash$ndecomposed into independent and parallel activity producers which$\backslash$nall interface directly to the world through perception and action,$\backslash$nrather than interface to each other particularly much. The notions$\backslash$nof central and peripheral systems evaporateeverything is both central$\backslash$nand peripheral. Based on these principles we have built a very successful$\backslash$nseries of mobile robots which operate without supervision as Creatures$\backslash$nin standard office environments.},
author = {Brooks, Rodney a.},
doi = {10.1016/0004-3702(91)90053-M},
file = {:C$\backslash$:/Users/panov/Documents/Mendeley Desktop/Artificial Intelligence/Brooks/Brooks - 1991 - Intelligence without representation.pdf:pdf},
isbn = {0004-3702},
issn = {00043702},
journal = {Artificial Intelligence},
number = {1-3},
pages = {139--159},
pmid = {14599324},
title = {{Intelligence without representation}},
volume = {47},
year = {1991}
}
@article{Vorontcov1998,
author = {Воронцов, К. В.},
file = {:C$\backslash$:/Users/panov/Documents/Mendeley Desktop/Журнал вычислительной матемематики и математической физики/Воронцов/Воронцов - 1998 - О проблемно-ориентированной оптимизации базисов задач распознавания.pdf:pdf},
journal = {Журнал вычислительной матемематики и математической физики},
language = {russian},
number = {5},
pages = {870--880},
title = {{О проблемно-ориентированной оптимизации базисов задач распознавания}},
volume = {38},
year = {1998}
}
@article{Kuipers2000,
abstract = {The Spatial Semantic Hierarchy (SSH) is a model of knowledge of large-scale space consisting of multiple interacting representations, both qualitative and quantitative. It is inspired by the properties of the human cognitive map, and is intended to serve both as a model of the human cognitive map and as a method for robot exploration and map-building. This article describes the assumptions and guarantees behind the generality of the SSH across environments and sensorimotor systems. Evidence is given from several partial implementation of the SSH on simulated and physical robots.},
author = {Kuipers, Benjamin},
doi = {10.1016/S0004-3702(00)00017-5},
file = {:C$\backslash$:/Users/panov/Documents/Mendeley Desktop/Artificial Intelligence/Kuipers/Kuipers - 2000 - Spatial semantic hierarchy.pdf:pdf},
isbn = {00043702},
issn = {00043702},
journal = {Artificial Intelligence},
keywords = {9-898,advanced research program,and by the texas,artificial intelligence laboratory,austin,by nasa grant nag,cognitive map,grants,in part by nsf,iri-9504138 and cda 9617327,map learning,place in the qualitative,qualitative reasoning,reasoning group at the,reasoning group is supported,research of the qualitative,robot exploration,spatial reasoning,the,this work has taken,university of texas at},
number = {1},
pages = {191--233},
title = {{Spatial semantic hierarchy}},
volume = {119},
year = {2000}
}
@article{Schank1972,
abstract = {Reviews research undertaken to create a theory of human natural language understanding. It is noted that those who have made attempts to solve the problem have had to restrict the domain of the particular problem that they were trying to solve, and sacrifice theoretical considerations for programming considerations. Psychiatric interviewing programs that have been written have not attempted to do much more than demonstrate that it is possible to have conversations with machines. It is suggested that what is needed, and what has been lacking, is a cohesive theory of how humans understand natural language without regard to particular subparts of that problem. A theory is described which is also intended to be a basis for computer programs that understand natural language. The initial premise of the theory is that the basis of natural language is conceptual. This base is interlingual, its elements are concepts not words. The conceptual content underlying an utterance is its meaning. Components of the system are a syntactic processor, a conceptual processor, and memories. Dependency relations between concepts form a network constituting the conceptual base.},
author = {Schank, Roger C.},
doi = {10.1016/0010-0285(72)90022-9},
file = {:C$\backslash$:/Users/panov/Documents/Mendeley Desktop/Cognitive Psychology/Schank/Schank - 1972 - Conceptual dependency A theory of natural language understanding.pdf:pdf},
issn = {00100285},
journal = {Cognitive Psychology},
number = {4},
pages = {552--631},
title = {{Conceptual dependency: A theory of natural language understanding}},
volume = {3},
year = {1972}
}
@book{Fu1974,
address = {New York},
author = {Fu, K. S.},
file = {:C$\backslash$:/Users/panov/Documents/Mendeley Desktop/Unknown/Fu/Fu - 1974 - Syntactic methods in pattern recognition.pdf:pdf},
pages = {306},
publisher = {Academic Press},
title = {{Syntactic methods in pattern recognition}},
year = {1974}
}
@unpublished{Ahmad2015,
abstract = {Empirical evidence demonstrates that every region of the neocortex represents information using sparse activity patterns. This paper examines Sparse Distributed Representations (SDRs), the primary information representation strategy in Hierarchical Temporal Memory (HTM) systems and the neocortex. We derive a number of properties that are core to scaling, robustness, and generalization. We use the theory to provide practical guidelines and illustrate the power of SDRs as the basis of HTM. Our goal is to help create a unified mathematical and practical framework for SDRs as it relates to cortical function.},
archivePrefix = {arXiv},
arxivId = {1503.07469},
author = {Ahmad, Subutai and Hawkins, Jeff},
booktitle = {CoRR},
doi = {10.1063/1.4918346},
eprint = {1503.07469},
file = {:C$\backslash$:/Users/panov/Documents/Mendeley Desktop/CoRR/Ahmad, Hawkins/Ahmad, Hawkins - 2015 - Properties of Sparse Distributed Representations and their Application to Hierarchical Temporal Memory.pdf:pdf},
title = {{Properties of Sparse Distributed Representations and their Application to Hierarchical Temporal Memory}},
url = {http://arxiv.org/abs/1503.07469},
year = {2015}
}
@article{Alan1950,
abstract = {Will computers and robots ever think and communicate$\backslash$nthe way humans do? When a computer crosses the$\backslash$nthreshold into self-consciousness, will it immediately$\backslash$njump into the Internet and create a World Mind? This is$\backslash$nan exploration of both the philosophical and$\backslash$nmethodological issues surrounding the search for true$\backslash$nartificial intelligence.},
archivePrefix = {arXiv},
arxivId = {10.2307/2251299},
author = {Alan, M},
doi = {http://dx.doi.org/10.1007/978-1-4020-6710-5_3},
eprint = {2251299},
file = {:C$\backslash$:/Users/panov/Documents/Mendeley Desktop/Mind/Alan/Alan - 1950 - Turing. Computing machinery and intelligence.pdf:pdf},
isbn = {1-4020-9624-0 (paperback), 1-4020-6708-9 (hardcover), 1-4020-6710-0 (e-book)},
issn = {0026-4423},
journal = {Mind},
number = {236},
pages = {433--460},
pmid = {18684640},
primaryClass = {10.2307},
title = {{Turing. Computing machinery and intelligence}},
url = {papers2://publication/uuid/E74CAAC6-F3DD-47E7-AEA6-5FB511730877},
volume = {59},
year = {1950}
}
@book{GaazeRappoport1987,
address = {М.},
author = {Гаазе-Рапопорт, М. Г. and Поспелов, Д. А.},
file = {:C$\backslash$:/Users/panov/Documents/Mendeley Desktop/Unknown/Гаазе-Рапопорт, Поспелов/Гаазе-Рапопорт, Поспелов - 1987 - От амебы до робота. Модели поведения.pdf:pdf},
language = {russian},
pages = {288},
publisher = {Наука},
title = {{От амебы до робота. Модели поведения.}},
year = {1987}
}
@unpublished{2017b,
author = {Воронцов, К. В.},
file = {:C$\backslash$:/Users/panov/Documents/Mendeley Desktop/Unknown/Воронцов/Воронцов - 2017 - Вероятностное тематическое моделирование обзор моделей и регуляризационный подход.pdf:pdf},
pages = {66},
title = {{Вероятностное тематическое моделирование: обзор моделей и регуляризационный подход}},
year = {2017}
}
@article{Burton-Jones2005,
author = {Burton-Jones, Andrew and Storey, Veda C. and Sugumaran, Vijayan and Ahluwalia, Punit},
doi = {10.1016/j.datak.2004.11.010},
file = {:C$\backslash$:/Users/panov/Documents/Mendeley Desktop/Data {\&} Knowledge Engineering/Burton-Jones et al/Burton-Jones et al. - 2005 - A semiotic metrics suite for assessing the quality of ontologies.pdf:pdf},
issn = {0169023X},
journal = {Data {\&} Knowledge Engineering},
keywords = {1 248 370 2831,a,abjones,ahluwalia,burton-jones,c,cis,corresponding author,e-mail addresses,edu,gsu,hispaa,oakland,ontology,ontology auditor,p,quality metric,semiotic theory,storey,sugumara,sugumaran,tel,v,vstorey},
number = {1},
pages = {84--102},
title = {{A semiotic metrics suite for assessing the quality of ontologies}},
url = {http://linkinghub.elsevier.com/retrieve/pii/S0169023X0400223X},
volume = {55},
year = {2005}
}
@article{Rudakov1986,
author = {Рудаков, К. В.},
file = {:C$\backslash$:/Users/panov/Documents/Mendeley Desktop/Журнал вычислительной матемематики и математической физики/Рудаков/Рудаков - 1986 - О некоторых универсальных ограничениях для алгоритмов классификации.pdf:pdf},
journal = {Журнал вычислительной матемематики и математической физики},
language = {russian},
number = {11},
pages = {1719--1730},
title = {{О некоторых универсальных ограничениях для алгоритмов классификации}},
volume = {26},
year = {1986}
}
@article{Ingrand2017,
abstract = {Autonomous robots facing a diversity of open environments and performing a variety of tasks and interactions need explicit deliberation in order to fulfill their missions. Deliberation is meant to endow a robotic system with extended, more adaptable and robust functionalities, as well as reduce its deployment cost. The ambition of this survey is to present a global overview of deliberation functions in robotics and to discuss the state of the art in this area. The following five deliberation functions are identified and analyzed: planning, acting, monitoring, observing, and learning. The paper introduces a global perspective on these deliberation functions and discusses their main characteristics, design choices and constraints. The reviewed contributions are discussed with respect to this perspective. The survey focuses as much as possible on papers with a clear robotics content and with a concern on integrating several deliberation functions.},
author = {Ingrand, F{\'{e}}lix and Ghallab, Malik},
doi = {10.1016/j.artint.2014.11.003},
file = {:C$\backslash$:/Users/panov/Documents/Mendeley Desktop/Artificial Intelligence/Ingrand, Ghallab/Ingrand, Ghallab - 2017 - Deliberation for autonomous robots A survey.pdf:pdf},
issn = {00043702},
journal = {Artificial Intelligence},
keywords = {Acting,Deliberation,Learning,Monitoring,Observing,Planning,Robotics},
pages = {10--44},
publisher = {Elsevier B.V.},
title = {{Deliberation for autonomous robots: A survey}},
url = {http://dx.doi.org/10.1016/j.artint.2014.11.003},
volume = {247},
year = {2017}
}
@article{Zhuravlev1976,
author = {Журавлёв, Ю. И.},
file = {:C$\backslash$:/Users/panov/Documents/Mendeley Desktop/Кибернетика/Журавлёв/Журавлёв - 1976 - Непараметрические задачи рспознавания образов.pdf:pdf},
journal = {Кибернетика},
language = {russian},
number = {6},
title = {{Непараметрические задачи рспознавания образов}},
year = {1976}
}
@inproceedings{Potapov2003,
author = {Потапов, А. А.},
booktitle = {Сб. тр. третьего расширенного семинара "Использование методов искусственного интеллекта и высокопроизводительных вычислений в аэрокосмических исследованиях" (Переславль - Залесский, 26 - 27 ноября 2003 г., ИПС РАН)},
file = {:C$\backslash$:/Users/panov/Documents/Mendeley Desktop/Сб. тр. третьего расширенного семинара Использование методов искусственного интеллекта и высокопроизводительных вычислений в аэро., ИПС РАН)/Потапов/Потапов - 2003 - Фракталы в задачах искусственного интеллек.pdf:pdf},
language = {russian},
pages = {76--90},
title = {{Фракталы в задачах искусственного интеллекта: подходы, модели, некоторые результаты}},
year = {2003}
}
@book{Intelligence,
doi = {10.1007/978-3-662-43505-2},
editor = {Kacprzyk, Janusz and Pedrycz, Witold},
file = {:C$\backslash$:/Users/panov/Documents/Mendeley Desktop/Unknown/Unknown/Unknown - 2015 - Springer Handbook of Computational Intelligence.pdf:pdf},
isbn = {9783662435045},
pages = {1634},
publisher = {Springer-Verlag Berlin Heidelberg},
title = {{Springer Handbook of Computational Intelligence}},
year = {2015}
}
@inproceedings{Dmitriev2017,
address = {Sinaia, Romania},
author = {Dmitriev, M. G. and Makarov, D. A.},
booktitle = {21st International Conference on System Theory, Control and Computing (ICSTCC 2017)},
pages = {594--599},
title = {{The stabilizing composite control in a weakly nonlinear singularly perturbed control system}},
year = {2017}
}
@inproceedings{Osipov1998,
abstract = {The paper studies the behavior of knowledge-based integrated systems with quasi-axiomatic state description. A mechanism for state closure is considered. Concepts of knowledge base deductive and causal completeness are introduced, and their relationship with behavior and controllability of integrated systems is established},
address = {Gaithersburg},
author = {Osipov, Gennady S},
booktitle = {Proceedings of the 1998 IEEE ISIC/CIRA/ISAS Joint Conference},
doi = {10.1109/ISIC.1998.713660},
file = {:C$\backslash$:/Users/panov/Documents/Mendeley Desktop/Proceedings of the 1998 IEEE ISICCIRAISAS Joint Conference/Osipov/Osipov - 1998 - Dynamics in Integrated Knowledge-based Systems.pdf:pdf},
isbn = {0780344235},
keywords = {integruted,osipov},
mendeley-tags = {osipov},
pages = {199--203},
publisher = {IEEE},
title = {{Dynamics in Integrated Knowledge-based Systems}},
volume = {2},
year = {1998}
}
@incollection{Birukov1960,
address = {М.},
author = {Бирюков, Б. В.},
booktitle = {Применение логики в науке и технике},
file = {:C$\backslash$:/Users/panov/Documents/Mendeley Desktop/Применение логики в науке и технике/Бирюков/Бирюков - 1960 - Теория смысла Готлоба Фреге.pdf:pdf},
keywords = {semiotics},
language = {russian},
mendeley-tags = {semiotics},
pages = {502--555},
publisher = {Издательство АН СССР},
title = {{Теория смысла Готлоба Фреге}},
year = {1960}
}
@inproceedings{Sun2009,
author = {Sun, Yunchuan},
booktitle = {2009 Fifth International Conference on Semantics, Knowledge and Grid},
doi = {10.1109/SKG.2009.56},
file = {:C$\backslash$:/Users/panov/Documents/Mendeley Desktop/2009 Fifth International Conference on Semantics, Knowledge and Grid/Sun/Sun - 2009 - Consistency Checking for Semantic Link Network.pdf:pdf},
isbn = {978-0-7695-3810-5},
pages = {448--449},
publisher = {Ieee},
title = {{Consistency Checking for Semantic Link Network}},
url = {http://ieeexplore.ieee.org/lpdocs/epic03/wrapper.htm?arnumber=5370496},
year = {2009}
}
@article{Yakovlev2014,
author = {Яковлев, К. С. and Хитьков, В. В. and Логинов, М. И. and Петров, А. В.},
file = {:C$\backslash$:/Users/panov/Documents/Mendeley Desktop/Робототехника и техническая кибернетика/Яковлев et al/Яковлев et al. - 2014 - Система навигации группы БЛА на основе маркеров.pdf:pdf},
journal = {Робототехника и техническая кибернетика},
keywords = {autonomous navigation,distributed control system,local map,locali-,marker,qr-code,unmanned aerial vehicle},
language = {russian},
number = {3},
pages = {44--48},
title = {{Система навигации группы БЛА на основе маркеров}},
year = {2014}
}
@article{Osipov2009a,
author = {Осипов, Г. С. and Тихомиров, И. А. and Хачумов, В. М. and Яковлев, К. С.},
journal = {Авиакосмическое приборостроение},
keywords = {osipov},
language = {russian},
mendeley-tags = {osipov},
number = {6},
pages = {34--43},
title = {{Интеллектуальное управление транспортными средствами: стандарты, проекты, реализации}},
year = {2009}
}
@article{Zhuravlev2002a,
author = {Журавлёв, Ю. И.},
file = {:C$\backslash$:/Users/panov/Documents/Mendeley Desktop/Журнал вычислительной матемематики и математической физики/Журавлёв/Журавлёв - 2002 - Об алгоритмах распознавания с представительными наборами (о логических алгоритмах).pdf:pdf},
journal = {Журнал вычислительной матемематики и математической физики},
language = {russian},
number = {9},
pages = {1425--1435},
title = {{Об алгоритмах распознавания с представительными наборами (о логических алгоритмах)}},
volume = {42},
year = {2002}
}
@book{Saussur1999,
address = {Екатеринбург},
author = {де Соссюр, Фердинанд},
editor = {Балли, Ш. and Сеше, А.},
file = {:C$\backslash$:/Users/panov/Documents/Mendeley Desktop/Unknown/де Соссюр/де Соссюр - 1999 - Курс общей лингвистики.pdf:pdf},
keywords = {semiotics},
language = {russian},
mendeley-tags = {semiotics},
pages = {432},
publisher = {Изд-во Урал. ун-та},
title = {{Курс общей лингвистики}},
translator = {Сухотин, А. М.},
year = {1999}
}
@article{Rudakov1989,
author = {Рудаков, К. В.},
file = {:C$\backslash$:/Users/panov/Documents/Mendeley Desktop/Распознавание. Классификация. Прогноз/Рудаков/Рудаков - 1989 - Об алгебраической теории универсальных и локальных ограничений для задач классификации.pdf:pdf},
journal = {Распознавание. Классификация. Прогноз},
language = {russian},
number = {1},
pages = {176--200},
title = {{Об алгебраической теории универсальных и локальных ограничений для задач классификации}},
year = {1989}
}
@book{1987,
address = {М.},
editor = {Стефанюк, В. Л.},
file = {:C$\backslash$:/Users/panov/Documents/Mendeley Desktop/Unknown/Unknown/Unknown - 1987 - Реальность и прогнозы искусственного интеллекта сборник статей.djvu:djvu},
language = {russian},
pages = {247},
publisher = {Мир},
title = {{Реальность и прогнозы искусственного интеллекта: сборник статей}},
year = {1987}
}
@article{2016,
author = {Емельянов, С. В. and Даник, Ю. Э. and Дмитриев, М. Г. and Макаров, Д. А.},
journal = {Доклады Академии наук},
language = {russian},
number = {3},
pages = {282--284},
title = {{Стабилизация нелинейных дискретных динамических систем с параметром и с коэффициентами, зависящими от состояния}},
volume = {466},
year = {2016}
}
@article{Gaeta2009,
author = {Gaeta, M. and Orciuoli, F. and Ritrovato, P.},
doi = {10.1016/j.knosys.2009.01.006},
file = {:C$\backslash$:/Users/panov/Documents/Mendeley Desktop/Knowledge-Based Systems/Gaeta, Orciuoli, Ritrovato/Gaeta, Orciuoli, Ritrovato - 2009 - Advanced ontology management system for personalised e-Learning.pdf:pdf},
issn = {09507051},
journal = {Knowledge-Based Systems},
keywords = {knowledge representation},
number = {4},
pages = {292--301},
publisher = {Elsevier B.V.},
title = {{Advanced ontology management system for personalised e-Learning}},
url = {http://linkinghub.elsevier.com/retrieve/pii/S0950705109000227},
volume = {22},
year = {2009}
}
@article{Unknown,
author = {Кузнецова, Ю. М.},
file = {:C$\backslash$:/Users/panov/Documents/Mendeley Desktop/Труды Института Системного Анализа РАН/Кузнецова/Кузнецова - 2018 - Сценарный подход к анализу текстов.docx:docx},
journal = {Труды Института Системного Анализа РАН},
language = {russian},
pages = {(В печати)},
title = {{Сценарный подход к анализу текстов}},
year = {2018}
}
@book{1983,
address = {М.},
editor = {Степанова, Ю. С.},
file = {:C$\backslash$:/Users/panov/Documents/Mendeley Desktop/Unknown/Unknown/Unknown - 1983 - Семиотика.djvu:djvu},
language = {russian},
pages = {638},
publisher = {Радуга},
title = {{Семиотика}},
year = {1983}
}
@article{Shushakova2002,
archivePrefix = {arXiv},
arxivId = {arXiv:math-ph/0205005},
author = {Шушакова, Анна Геннадьевна},
eprint = {0205005},
file = {:C$\backslash$:/Users/panov/Documents/Mendeley Desktop/Программные продукты и системы/Шушакова/Шушакова - 2002 - Решение задач представления и обработки знаний средствами дескриптивной логики.pdf:pdf},
isbn = {13414496},
issn = {13420909},
journal = {Программные продукты и системы},
language = {russian},
number = {3},
pages = {14--19},
primaryClass = {arXiv:math-ph},
title = {{Решение задач представления и обработки знаний средствами дескриптивной логики}},
url = {http://ci.nii.ac.jp/naid/110004560434/},
year = {2002}
}
@incollection{Zaitceva2002,
address = {СПб.},
author = {Зайцева, Н. В.},
booktitle = {Я. (А. Слинин) и МЫ},
file = {:C$\backslash$:/Users/panov/Documents/Mendeley Desktop/Я. (А. Слинин) и МЫ/Зайцева/Зайцева - 2002 - Когнитивные основания семантической теории Э. Гуссерля (на материале ``Логических исследований'').pdf:pdf},
keywords = {semiotics},
language = {russian},
mendeley-tags = {semiotics},
pages = {179--193},
publisher = {Санкт-Петербургское философское общество},
series = {Мыслители},
title = {{Когнитивные основания семантической теории Э. Гуссерля (на материале ``Логических исследований'')}},
year = {2002}
}
@inproceedings{Heymans2010,
author = {Heymans, Stijn and Eiter, Thomas and Xiao, Guohui},
booktitle = {ECAI 2010: 19th European Conference on Artificial Intelligence, 16-20 August 2010, Lisbon, Portugal : Including Prestigious Applications of Artificial Intelligence (PAIS-2010) : Proceedings},
doi = {10.3233/978-1-60750-606-5-35},
file = {:C$\backslash$:/Users/panov/Documents/Mendeley Desktop/ECAI 2010 19th European Conference on Artificial Intelligence, 16-20 August 2010, Lisbon, Portugal Including Prestigious Applications of Ar./Heymans, Eiter, Xiao/Heymans, Eiter, Xiao - 2010 - Tractable Reaso.pdf:pdf},
isbn = {9781607506065},
pages = {35--40},
title = {{Tractable Reasoning with DL-Programs over Datalog -rewritable Description Logics}},
year = {2010}
}
@inproceedings{Galindo2014,
author = {Galindo, C},
booktitle = {The 9th International Workshop on Cognitive Robotics (ECAI-2014)},
file = {:C$\backslash$:/Users/panov/Documents/Mendeley Desktop/The 9th International Workshop on Cognitive Robotics (ECAI-2014)/Galindo/Galindo - 2014 - Mobile Robot Object Recognition through the Synergy of Probabilistic Graphical Models and Semantic Knowledge.pdf:pdf},
title = {{Mobile Robot Object Recognition through the Synergy of Probabilistic Graphical Models and Semantic Knowledge}},
year = {2014}
}
@article{Madl2017,
abstract = {Computational cognitive models of spatial memory often neglect difficulties posed by the real world, such as sensory noise, uncertainty, and high spatial complexity. On the other hand, robotics is unconcerned with understanding biological cognition. Here, we describe a computational framework for robotic architectures aiming to function in realistic environments, as well as to be cognitively plausible. We motivate and describe several mechanisms towards achieving this despite the sensory noise and spatial complexity inherent in the physical world. We tackle error accumulation during path integration by means of Bayesian localization, and loop closing with sequential gradient descent. Finally, we outline a method for structuring spatial representations using metric learning and clustering. Crucially, unlike the algorithms of traditional robotics, we show that these mechanisms can be implemented in neuronal or cognitive models. We briefly outline a concrete implementation of the proposed framework as part of the LIDA cognitive architecture, and argue that this kind of probabilistic framework is well-suited for use in cognitive robotic architectures aiming to combine spatial functionality and psychological plausibility.},
author = {Madl, Tamas and Franklin, Stan and Chen, Ke and Trappl, Robert},
doi = {10.1016/j.cogsys.2017.08.002},
file = {:C$\backslash$:/Users/panov/Documents/Mendeley Desktop/Cognitive Systems Research/Madl et al/Madl et al. - 2017 - A computational cognitive framework of spatial memory in brains and robots.pdf:pdf},
issn = {13890417},
journal = {Cognitive Systems Research},
keywords = {Bayesian brain,Cognitive architecture,Computational cognitive modeling,LIDA,Spatial memory},
pages = {147--172},
publisher = {Elsevier B.V.},
title = {{A computational cognitive framework of spatial memory in brains and robots}},
url = {https://doi.org/10.1016/j.cogsys.2017.08.002},
volume = {47},
year = {2017}
}
@article{Zagorulko2013,
author = {Загорулько, Ю. А.},
file = {:C$\backslash$:/Users/panov/Documents/Mendeley Desktop/Известия Томского политехнического университета/Загорулько/Загорулько - 2013 - О концепции интегрированной модели представления знаний.pdf:pdf},
journal = {Известия Томского политехнического университета},
keywords = {functional network,gy,imperative model,integrated knowledge representation model,network model,object oriented semantic network,ontolo,production system model,subdefinite model},
language = {russian},
number = {5},
pages = {98--103},
title = {{О концепции интегрированной модели представления знаний}},
volume = {322},
year = {2013}
}
@inproceedings{Hayes1977,
author = {Hayes, Philip J.},
booktitle = {Proceeding of the 5th International Joint Conference on Artificial Intelligence (IJCAI'77)},
file = {:C$\backslash$:/Users/panov/Documents/Mendeley Desktop/Proceeding of the 5th International Joint Conference on Artificial Intelligence (IJCAI'77)/Hayes/Hayes - 1977 - On semantic Nets, Frames and Associations.pdf:pdf},
pages = {99--107},
title = {{On semantic Nets, Frames and Associations}},
year = {1977}
}
@article{Afacan2011,
annote = {english},
author = {Afacan, Yasemin and Demirkan, Halime},
doi = {10.1016/j.knosys.2011.01.002},
file = {:C$\backslash$:/Users/panov/Documents/Mendeley Desktop/Knowledge-Based Systems/Afacan, Demirkan/Afacan, Demirkan - 2011 - An ontology-based universal design knowledge support system.pdf:pdf},
issn = {09507051},
journal = {Knowledge-Based Systems},
keywords = {cognitive design strategy,computer-assisted design tool,conceptual design phase},
language = {english},
number = {4},
pages = {530--541},
publisher = {Elsevier B.V.},
title = {{An ontology-based universal design knowledge support system}},
url = {http://linkinghub.elsevier.com/retrieve/pii/S0950705111000037},
volume = {24},
year = {2011}
}
@article{Tarasov1998,
author = {Тарасов, В. Б.},
file = {:C$\backslash$:/Users/panov/Documents/Mendeley Desktop/Новости искусственного интеллекта/Тарасов/Тарасов - 1998 - Моделирование психических образов как совместить дискретное и непрерывное.pdf:pdf},
journal = {Новости искусственного интеллекта},
language = {russian},
number = {3},
pages = {86--100},
title = {{Моделирование психических образов : как совместить дискретное и непрерывное ?}},
year = {1998}
}
@article{Brooks1986,
abstract = { A new architecture for controlling mobile robots is described. Layers of control system are built to let the robot operate at increasing levels of competence. Layers are made up of asynchronous modules that communicate over low-bandwidth channels. Each module is an instance of a fairly simple computational machine. Higher-level layers can subsume the roles of lower levels by suppressing their outputs. However, lower levels continue to function as higher levels are added. The result is a robust and flexible robot control system. The system has been used to control a mobile robot wandering around unconstrained laboratory areas and computer machine rooms. Eventually it is intended to control a robot that wanders the office areas of our laboratory, building maps of its surroundings using an onboard arm to perform simple tasks.},
author = {Brooks, R.},
doi = {10.1109/JRA.1986.1087032},
file = {:C$\backslash$:/Users/panov/Documents/Mendeley Desktop/IEEE Journal on Robotics and Automation/Brooks/Brooks - 1986 - A robust layered control system for a mobile robot.pdf:pdf},
isbn = {0882-4967 VO - 2},
issn = {0882-4967},
journal = {IEEE Journal on Robotics and Automation},
number = {1},
pages = {14--23},
pmid = {1805},
title = {{A robust layered control system for a mobile robot}},
volume = {2},
year = {1986}
}
@book{Stefanuk2004,
address = {М.},
author = {Стефанюк, В. Л.},
file = {:C$\backslash$:/Users/panov/Documents/Mendeley Desktop/Unknown/Стефанюк/Стефанюк - 2004 - Локальная организация интеллектуальных систем.pdf:pdf},
language = {russian},
pages = {328},
publisher = {ФИЗМАТЛИТ},
title = {{Локальная организация интеллектуальных систем}},
year = {2004}
}
@article{Osipov2000,
author = {Осипов, Г. С. and Лебедева, Т. Г.},
journal = {Известия РАН. Теория и системы управления},
language = {russian},
number = {5},
pages = {703--709},
title = {{Архитектура и управляемость дискретных динамических систем, основанных на знаниях}},
year = {2000}
}
@article{Rudakov1987,
author = {Рудаков, К. В.},
file = {:C$\backslash$:/Users/panov/Documents/Mendeley Desktop/Доклады РАН/Рудаков/Рудаков - 1987 - О симметрических и функциональных ограничениях для алгоритмов классификации.pdf:pdf},
journal = {Доклады РАН},
language = {russian},
number = {1},
pages = {43--46},
title = {{О симметрических и функциональных ограничениях для алгоритмов классификации}},
volume = {297},
year = {1987}
}
@article{Kashirin2010,
author = {Каширин, Д. И. and Каширин, И. Ю.},
file = {:C$\backslash$:/Users/panov/Documents/Mendeley Desktop/Вестник РГРТУ/Каширин, Каширин/Каширин, Каширин - 2010 - Модели представления знаний в системах искусственного интеллекта.pdf:pdf},
journal = {Вестник РГРТУ},
language = {russian},
number = {1},
title = {{Модели представления знаний в системах искусственного интеллекта}},
volume = {31},
year = {2010}
}
@article{Nardi2003,
abstract = {This introduction presents the main motivations for the development of Description Logics (DL) as a formalism for representing knowledge, as well as some important basic notions underlying all systems that have been created in the DL tradition. In addition, we provide the reader with an overview of the entire book and some guidelines for reading it. We first address the relationship between Description Logics and earlier seman- tic network and frame systems, which represent the original heritage of the field. We delve into some of the key problems encountered with the older efforts. Subse- quently, we introduce the basic features of Description Logic languages and related reasoning techniques. Description Logic languages are then viewed as the core of knowledge represen- tation systems, considering both the structure of a DL knowledge base and its associated reasoning services. The development of some implemented knowledge representation systems based on Description Logics and the first applications built with such systems are then reviewed. Finally, we address the relationship of Description Logics to other fields of Com- puter Science. We also discuss some extensions of the basic representation language machinery; these include features proposed for incorporation in the formalism that originally arose in implemented systems, and features proposed to cope with the needs of certain application domains.},
author = {Nardi, Daniele and Brachman, Ronald J.},
doi = {10.2277/0521781760},
file = {:C$\backslash$:/Users/panov/Documents/Mendeley Desktop/The description logic handbook Theory, implementation and applications/Nardi, Brachman/Nardi, Brachman - 2003 - An Introduction to Description Logics.pdf:pdf},
isbn = {0521781760},
journal = {The description logic handbook: Theory, implementation and applications},
pages = {5--41},
title = {{An Introduction to Description Logics}},
year = {2003}
}
@book{Vapnik1974,
address = {М.},
author = {Вапник, В. Н. and Червоненкис, А. Я.},
language = {russian},
publisher = {Наука},
title = {{Теория распознавания образов}},
year = {1974}
}
@book{Osipov1997,
address = {М.},
author = {Осипов, Г. С.},
language = {russian},
pages = {112},
publisher = {Наука. Физматлит},
title = {{Приобретение знаний интеллектуальными системами}},
year = {1997}
}
@article{Osipov2003b,
author = {Осипов, Г. С. and Виноградов, А. Н. and Жилякова, Л. Ю.},
file = {:C$\backslash$:/Users/panov/Documents/Mendeley Desktop/Известия АН. Теория и системы управления/Осипов, Виноградов, Жилякова/Осипов, Виноградов, Жилякова - 2003 - Динамические интеллектуальные системы. II. Моделирование целенаправленного поведения.pdf:pdf},
journal = {Известия АН. Теория и системы управления},
keywords = {osipov},
language = {russian},
mendeley-tags = {osipov},
number = {1},
pages = {87--94},
title = {{Динамические интеллектуальные системы. II. Моделирование целенаправленного поведения}},
year = {2003}
}
@article{Rudakov1999,
author = {Рудаков, К. В. and Воронцов, К. В.},
file = {:C$\backslash$:/Users/panov/Documents/Mendeley Desktop/Доклады РАН/Рудаков, Воронцов/Рудаков, Воронцов - 1999 - О методах оптимизации и монотонной коррекции в алгебраическом подходе к проблеме распознавания.pdf:pdf},
journal = {Доклады РАН},
language = {russian},
number = {3},
pages = {314--317},
title = {{О методах оптимизации и монотонной коррекции в алгебраическом подходе к проблеме распознавания}},
volume = {367},
year = {1999}
}
@article{Zhiharev2011,
author = {Жихарев, А. Г. and Маторин, С. И.},
file = {:C$\backslash$:/Users/panov/Documents/Mendeley Desktop/Искусственный интеллект и принятие решений/Жихарев, Маторин/Жихарев, Маторин - 2011 - Метод формализации организационных знаний.pdf:pdf},
journal = {Искусственный интеллект и принятие решений},
language = {russian},
number = {2},
pages = {12--18},
title = {{Метод формализации организационных знаний}},
year = {2011}
}
@book{Pospelov1989,
address = {М.},
author = {Поспелов, Д. А.},
file = {:C$\backslash$:/Users/panov/Documents/Mendeley Desktop/Unknown/Поспелов/Поспелов - 1989 - Моделирование рассуждений. Опыт анализа мыслительных актов.pdf:pdf},
language = {russian},
pages = {184},
publisher = {Радио и связь},
title = {{Моделирование рассуждений. Опыт анализа мыслительных актов}},
year = {1989}
}
@book{Pierce2000b,
address = {СПб.},
author = {Пирс, Ч. С.},
file = {:C$\backslash$:/Users/panov/Documents/Mendeley Desktop/Unknown/Пирс/Пирс - 2000 - Начала прагматизма(2).pdf:pdf},
isbn = {5893292782},
keywords = {semiotics},
language = {russian},
mendeley-tags = {semiotics},
pages = {352},
publisher = {Алетейя},
title = {{Начала прагматизма}},
translator = {Кирющенко, В. В. and Колопотина, М. В.},
volume = {II},
year = {2000}
}
@article{Vikhorev2009,
abstract = {We present a new approach to providing soft real- time guarantees for Belief-Desire-Intention (BDI) agents. We define what it means for BDI agents to operate in real time, or to satisfy real-time guarantees. We then develop a model of real-time performance which takes into account the time by which a task should be performed and the relative priority of tasks, and identify the key stages in a BDI architecture which must be bounded for real-time performance. As an illustration of our approach we introduce a new BDI architecture, ARTS, which allows the development of agents that guarantee (soft) real-time performance. ARTS extends ideas from PRS and JAM to include goals and plans which have deadlines and priorities, and schedules intentions so as to achieve the largest number of high priority intentions by their deadlines.},
author = {Vikhorev, Konstantin and Alechina, Natasha and Logan, Brian},
doi = {10.1007/978-3-642-13338-1_1},
file = {:C$\backslash$:/Users/panov/Documents/Mendeley Desktop/CEUR Workshop Proceedings/Vikhorev, Alechina, Logan/Vikhorev, Alechina, Logan - 2009 - The ARTS Real-Time Agent Architecture.pdf:pdf},
isbn = {3642133371},
issn = {16130073},
journal = {CEUR Workshop Proceedings},
keywords = {Arts,Bdi agents,Deadline,Priority,Real-time guarantees,Task scheduling},
pages = {286--292},
title = {{The ARTS Real-Time Agent Architecture}},
volume = {494},
year = {2009}
}
@article{Vorontcov2000,
author = {Воронцов, К. В.},
file = {:C$\backslash$:/Users/panov/Documents/Mendeley Desktop/Журнал вычислительной матемематики и математической физики/Воронцов/Воронцов - 2000 - Оптимизационные методы линейной и монотонной коррекции в алгебраическом подходе к проблеме распознавания.pdf:pdf},
journal = {Журнал вычислительной матемематики и математической физики},
language = {russian},
number = {1},
pages = {166--176},
title = {{Оптимизационные методы линейной и монотонной коррекции в алгебраическом подходе к проблеме распознавания}},
volume = {40},
year = {2000}
}
@book{Dulin2005,
address = {М.},
author = {Дулин, С. К.},
language = {russian},
pages = {136},
publisher = {Вычислительный центр им. А.А. Дородницына РАН},
title = {{Введение в теорию структурной согласованности}},
year = {2005}
}
@incollection{Osipov2016b,
author = {Osipov, Gennady and Smirnov, Ivan and Tikhomirov, Ilya and Sochenkov, Ilya},
booktitle = {Novel Applications of Intelligent Systems},
doi = {10.1007/978-3-319-14194-7},
editor = {Hadjiski, Mincho and Kasabov, Nikola and Filev, Dimitar and Jotsov, Vladimir},
file = {:C$\backslash$:/Users/panov/Documents/Mendeley Desktop/Novel Applications of Intelligent Systems/Osipov et al/Osipov et al. - 2016 - Exactus Expert—Search and Analytical Engine for Research and Development Support.pdf:pdf},
isbn = {978-3-319-14193-0},
keywords = {osipov},
mendeley-tags = {osipov},
pages = {269--285},
publisher = {Springer International Publishing},
series = {Studies in Computational Intelligence},
title = {{Exactus Expert—Search and Analytical Engine for Research and Development Support}},
url = {http://link.springer.com/10.1007/978-3-319-14194-7},
year = {2016}
}
@article{Rudakov1980,
author = {Рудаков, К. В.},
file = {:C$\backslash$:/Users/panov/Documents/Mendeley Desktop/Журнал вычислительной матемематики и математической физики/Рудаков/Рудаков - 1980 - О корректности алгоритмов распознавания типа потенциальных функций.pdf:pdf},
journal = {Журнал вычислительной матемематики и математической физики},
language = {russian},
number = {3},
pages = {737--744},
title = {{О корректности алгоритмов распознавания типа потенциальных функций}},
volume = {20},
year = {1980}
}
@book{Frege1952,
address = {New York},
annote = {NULL},
author = {Frege, G.},
editor = {Geach, P. T. and Black, M.},
publisher = {Philosophical Library},
title = {{Translations from the Philosophical Writings of Gottlob Frege}},
year = {1952}
}
@book{Fink2014,
address = {London},
author = {Fink, Gernot A.},
edition = {Second},
file = {:C$\backslash$:/Users/panov/Documents/Mendeley Desktop/Unknown/Fink/Fink - 2014 - Markov Models for Pattern Recognition. From Theory to Applications.pdf:pdf},
isbn = {9781447163077},
pages = {275},
publisher = {Springer-Verlag},
title = {{Markov Models for Pattern Recognition. From Theory to Applications}},
year = {2014}
}
@article{Garcia-Crespo2011,
author = {Garcia-Crespo, A. and Ruiz-Mezcua, B. and Lopez-Cuadrado, J. L. and Gonzalez-Carrasco, I.},
doi = {10.1016/j.knosys.2010.09.006},
file = {:C$\backslash$:/Users/panov/Documents/Mendeley Desktop/Knowledge-Based Systems/Garcia-Crespo et al/Garcia-Crespo et al. - 2011 - Semantic model for knowledge representation in e-business.pdf:pdf},
issn = {09507051},
journal = {Knowledge-Based Systems},
number = {2},
pages = {282--296},
publisher = {Elsevier B.V.},
title = {{Semantic model for knowledge representation in e-business}},
url = {http://linkinghub.elsevier.com/retrieve/pii/S0950705110001516},
volume = {24},
year = {2011}
}
@article{Keet2008,
author = {Keet, C. Maria and Artale, Alessandro},
file = {:C$\backslash$:/Users/panov/Documents/Mendeley Desktop/Applied Ontology - Ontological Foundations of Conceptual Modelling/Keet, Artale/Keet, Artale - 2008 - Representing and Reasoning over a Taxonomy of Part-Whole Relations.pdf:pdf},
journal = {Applied Ontology - Ontological Foundations of Conceptual Modelling},
keywords = {conceptual modelling,description logics reasoning,mereology,part-whole relation},
number = {1-2},
pages = {91--110},
title = {{Representing and Reasoning over a Taxonomy of Part-Whole Relations}},
volume = {3},
year = {2008}
}
@article{Osipov2002b,
author = {Vinogradov, A. N. and Osipov, G. S. and Zhilyakova, L. Yu.},
journal = {Journal of Computer and Systems Sciences International},
keywords = {osipov},
mendeley-tags = {osipov},
number = {6},
pages = {953--960},
title = {{Dynamic intelligent systems: I. Knowledge representation and basic algorithms}},
volume = {41},
year = {2002}
}
@article{Ma2010,
author = {Ma, Jun and Zhang, Guangquan and Lu, Jie},
doi = {10.1016/j.knosys.2009.05.010},
file = {:C$\backslash$:/Users/panov/Documents/Mendeley Desktop/Knowledge-Based Systems/Ma, Zhang, Lu/Ma, Zhang, Lu - 2010 - A state-based knowledge representation approach for information logical inconsistency detection in warning system.pdf:pdf},
issn = {09507051},
journal = {Knowledge-Based Systems},
keywords = {decision support systems,knowledge base verification,knowledge representation},
number = {2},
pages = {125--131},
publisher = {Elsevier B.V.},
title = {{A state-based knowledge representation approach for information logical inconsistency detection in warning systems}},
url = {http://linkinghub.elsevier.com/retrieve/pii/S0950705109001002},
volume = {23},
year = {2010}
}
@article{Schank1978,
author = {Schank, Roger C.},
doi = {10.3758/BF03205115},
file = {:C$\backslash$:/Users/panov/Documents/Mendeley Desktop/Behavior Research Methods {\&} Instrumentation/Schank/Schank - 1978 - Computer understanding of natural language.pdf:pdf},
issn = {0005-7878},
journal = {Behavior Research Methods {\&} Instrumentation},
number = {2},
pages = {132--138},
title = {{Computer understanding of natural language}},
volume = {10},
year = {1978}
}
@unpublished{Vorontcov2011a,
author = {Воронцов, К. В.},
file = {:C$\backslash$:/Users/panov/Documents/Mendeley Desktop/Unknown/Воронцов/Воронцов - 2011 - Проблемно-ориентированные методы алгебраического подхода (конспект лекций).pdf:pdf},
language = {russian},
pages = {18},
title = {{Проблемно-ориентированные методы алгебраического подхода (конспект лекций)}},
year = {2011}
}
@book{Murphy2000,
address = {Massachusetts},
author = {Murphy, Robin R.},
file = {:C$\backslash$:/Users/panov/Documents/Mendeley Desktop/Unknown/Murphy/Murphy - 2000 - Introduction in AI Robotics.pdf:pdf},
isbn = {0262133830},
pages = {487},
publisher = {MIT Press},
title = {{Introduction in AI Robotics}},
year = {2000}
}
@article{Gorodetsky2009,
abstract = {Работа посвящена проблеме оценки ситуаций и прогнозирования ее развития в приложениях, в которых требуется иметь средства для гибкого изменения сценариев поведения в зависимости от достигнутых состояний системы и текущего состояния внешней среды в реальном времени. Дается обзор и анализируются достоинства и недостатки существующих языков описания процессов и показывается, что традиционные языки спецификации систем, способные представлять, главным образом, реактивное поведение, не обладают необходимыми выразительными возможностями и потом не в состоянии справиться с поставленной задачей. Особенности рассматриваемой задачи спецификации, оценки и прогнозирования ситуаций демонстрируются на задачи управления фрагментом системы заправки стартового ракетного комплекса. В работе предлагается новый язык, который предназначен для описания знаний о сценариях, позволяющий оценивать текущее состояние исполнения сценария, прогноз его развития и выбора варианта продолжения в зависимости от достигнутых состояний и состояния внешней среды. Дается описание основных элементов языка, их графической нотации и описывается его операционная семантика. Возможности разработанного языка демонстрируются на примере описания модели диагностики нештатных ситуаций в процессе функционирования фрагмента системы заправки. Для этого приложения представлены примеры спецификации процесса в терминах разработанного языка сценариев.},
author = {Троцкий, Д. В. and Городецкий, В. И.},
file = {:C$\backslash$:/Users/panov/Documents/Mendeley Desktop/Труды СПИИРАН/Троцкий, Городецкий/Троцкий, Городецкий - 2009 - Сценарная модель знаний и язык описания процессов для оценки и прогнозирования ситуаций.pdf:pdf},
journal = {Труды СПИИРАН},
keywords = {нештатные ситуации,оценка ситуации,прогнозирование ситуации,сценарные знания},
language = {russian},
number = {8},
pages = {94--127},
title = {{Сценарная модель знаний и язык описания процессов для оценки и прогнозирования ситуаций}},
year = {2009}
}
@book{Osipov2011,
address = {М.},
author = {Осипов, Г. С.},
keywords = {osipov},
language = {russian},
mendeley-tags = {osipov},
pages = {297},
publisher = {ФИЗМАТЛИТ},
title = {{Методы искусственного интеллекта}},
year = {2011}
}
