Automatically generated by Mendeley Desktop 1.19.2
Any changes to this file will be lost if it is regenerated by Mendeley.

BibTeX export options can be customized via Options -> BibTeX in Mendeley Desktop

@misc{Presentation2016c,
author = {Panov, Aleksandr I.},
file = {::},
pages = {53},
title = {{Biologically and psychologically inspired modelling in BICA}},
year = {2016}
}
@misc{Presentation2016b,
author = {Панов, А. И.},
file = {::},
pages = {23},
title = {{Теория когнитома Анохина}},
year = {2016}
}
@misc{Presentation2016d,
author = {Панов, А. И.},
file = {::},
pages = {30},
title = {{Теория сознания Тонони}},
year = {2016}
}
@misc{Presentation2016b,
author = {Панов, А. И.},
file = {::},
pages = {19},
title = {{Биологически и психологически правдоподобные методы моделирования в искусственном интеллекте}},
year = {2016}
}
