Automatically generated by Mendeley Desktop 1.17.13
Any changes to this file will be lost if it is regenerated by Mendeley.

BibTeX export options can be customized via Options -> BibTeX in Mendeley Desktop

@article{Gorodetsky2007,
abstract = {Данная работа представляет реализованную авторами P2P агентскую плат- форму, экземпляры которой, установленные в узлах сети поверх стандартного P2P серви- са, образуют распределенную базу знаний, предназначенную для организации семантическо- го P2P взаимодействия агентов. Прикладные агенты, в свою очередь, устанавливаются в узлах сети поверх экземпляров агентской платформы. В основу разработки положены функциональная архитектура, разработанная рабочей группой FIPA в качестве предложе- ния для последующей программной реализации и стандартизации. Разработанная про- граммная реализация платформы поддерживается также механизмом парных взаимодейст- вий агентов на основе сообщений разработанных форматов, а также парных коммуникаций узлов сети. Такой механизмом парных взаимодействий агентов также разработан автора- ми. Роль, функции и существо процессов функционирования этой платформы поясняется на примерах двух приложений, которые сами по себе являются достаточно важными с практи- ческой точки зрения. Эти же приложения использованы для верификации основных решений, предложенных в работе.},
author = {Городецкий, В. И. and Карсаев, О. В. and Самойлов, В. В. and Серебряков, С. В.},
file = {:C$\backslash$:/Users/sanek/Documents/Mendeley Desktop/Городецкий et al/2007/Открытые сети агентов.pdf:pdf},
journal = {Труды СПИИРАН},
language = {russian},
number = {4},
pages = {11--35},
title = {{Открытые сети агентов}},
year = {2007}
}
@article{Gorodetsky2012,
author = {Городецкий, В И},
file = {:C$\backslash$:/Users/sanek/Documents/Mendeley Desktop/Городецкий/2012/Самоорганизация и многоагентные системы. I. Модели многоагентной самоорганизации.pdf:pdf},
journal = {Известия РАН. Теория и системы управления},
language = {russian},
number = {2},
pages = {92--120},
title = {{Самоорганизация и многоагентные системы. I. Модели многоагентной самоорганизации}},
year = {2012}
}
@article{Yang2007,
author = {Yang, Jingan and Luo, Zhenghu},
doi = {10.1016/j.asoc.2006.04.004},
file = {:C$\backslash$:/Users/sanek/Documents/Mendeley Desktop/Yang, Luo/2007/Coalition formation mechanism in multi-agent systems based on genetic algorithms.pdf:pdf},
issn = {15684946},
journal = {Applied Soft Computing},
keywords = {agent coalition formation,chromosome encoding,crossover and mutation,genetic algorithm,multiagent system},
number = {2},
pages = {561--568},
title = {{Coalition formation mechanism in multi-agent systems based on genetic algorithms}},
url = {http://linkinghub.elsevier.com/retrieve/pii/S1568494606000421},
volume = {7},
year = {2007}
}
@article{Uv,
author = {Uv, R T S},
file = {::},
title = {{¢¤{\pounds}¦¥¨{\S} ¸ ¹ {\textcopyright} »3¸ {\textcopyright} {\S}}}
}
@article{Pechoucek2002,
author = {Pechoucek, Michal and Marik, Vladimir and Barta, Jaroslav},
file = {:C$\backslash$:/Users/sanek/Documents/Mendeley Desktop/Pechoucek, Marik, Barta/2002/A Knowledge-Based Approach to Coalition Formation.pdf:pdf},
journal = {IEEE Intelligent Systems},
number = {3},
pages = {17--25},
title = {{A Knowledge-Based Approach to Coalition Formation}},
volume = {17},
year = {2002}
}
@inproceedings{Hayes2015,
abstract = {In this work, we present an algorithm for improv- ing collaborator performance on sequential manipulation tasks. Our agent-decoupled, optimization-based, task and motion planning approach merges considerations derived from both symbolic and geometric planning domains. This results in the generation of supportive behaviors enabling a teammate to reduce cognitive and kinematic burdens during task completion. We describe our algorithm alongside representative use cases, with an evaluation based on solving complex circuit building problems. We conclude with a discussion of applications and extensions to human-robot teaming scenarios.},
author = {Hayes, Bradley and Scassellati, Brian},
booktitle = {International Conference on Intelligent Robots and Systems},
doi = {10.1109/IROS.2015.7354288},
file = {:C$\backslash$:/Users/sanek/Documents/Mendeley Desktop/Hayes, Scassellati/2015/Effective Robot Teammate Behaviors for Supporting Sequential Manipulation Tasks.pdf:pdf},
isbn = {9781479999934},
issn = {21530866},
pages = {6374--6380},
title = {{Effective Robot Teammate Behaviors for Supporting Sequential Manipulation Tasks}},
url = {http://www.bradhayes.info/papers/iros15.pdf},
year = {2015}
}
@article{Nikolaidis2014,
abstract = {We present a framework for learning human user models from joint-action demonstrations that enables the robot to compute a robust policy for a collaborative task with a human. The learning takes place completely automatically, without any human intervention. First, we describe the clustering of demonstrated action sequences into different human types using an unsupervised learning algorithm. These demonstrated sequences are also used by the robot to learn a reward function that is representative for each type, through the employment of an inverse reinforcement learning algorithm. The learned model is then used as part of a Mixed Observability Markov Decision Process formulation, wherein the human type is a partially observable variable. With this framework, we can infer, either offline or online, the human type of a new user that was not included in the training set, and can compute a policy for the robot that will be aligned to the preference of this new user and will be robust to deviations of the human actions from prior demonstrations. Finally we validate the approach using data collected in human subject experiments, and conduct proof-of-concept demonstrations in which a person performs a collaborative task with a small industrial robot.},
archivePrefix = {arXiv},
arxivId = {1405.6341},
author = {Nikolaidis, Stefanos and Gu, Keren and Ramakrishnan, Ramya and Shah, Julie},
doi = {10.1145/2696454.2696455},
eprint = {1405.6341},
file = {:C$\backslash$:/Users/sanek/Documents/Mendeley Desktop/Nikolaidis et al/2014/Efficient Model Learning for Human-Robot Collaborative Tasks.pdf:pdf},
isbn = {9781450328838},
issn = {21672148},
journal = {arXiv},
pages = {1--9},
title = {{Efficient Model Learning for Human-Robot Collaborative Tasks}},
url = {http://arxiv.org/abs/1405.6341},
year = {2014}
}
@article{Gorodotsky2015,
author = {Городецкий, В. И. and Самойлов, В. В. and Троцкий, Д. В.},
doi = {10.7868/S0002338815030087},
file = {:C$\backslash$:/Users/sanek/Documents/Mendeley Desktop/Городецкий, Самойлов, Троцкий/2015/Базовая онтология коллективного поведения автономных агентов и ее расширения.pdf:pdf},
isbn = {0002338815},
issn = {0002-3388},
journal = {Известия РАН. Теория и системы управления},
language = {russian},
number = {5},
pages = {102--121},
title = {{Базовая онтология коллективного поведения автономных агентов и ее расширения}},
url = {http://elibrary.ru/item.asp?doi=10.7868/S0002338815030087},
year = {2015}
}
@inproceedings{Jakubuv2015,
abstract = {Multiagent planning is a coordination technique used for deliberative acting of a team of agents. One of vital planning techniques uses declarative description of agents' plans based on Finite State Machines and their later coordination by intersection of such machines with successive verification of the resulting joint plans. In this work, we firstly propose to use projections of agents' actions directly for multiagent planning based on iterative building of a coordinated multiagent plan. Secondly, we describe integration of the static analysis provided by process calculi type systems for approximate verification of exchanged local plans. Finally, we compare our approach with current state-of-the-art planner on an extensive benchmark set.},
author = {Jakubův, Jan and To{\v{z}}i{\v{c}}ka, Jan and Komenda, Anton{\'{i}}n},
booktitle = {Proceedings of the International Conference on Agents and Artificial Intelligence},
doi = {10.5220/0005222101730182},
file = {:C$\backslash$:/Users/sanek/AppData/Local/Mendeley Ltd./Mendeley Desktop/Downloaded/Jakubův, To{\v{z}}i{\v{c}}ka, Komenda - 2015 - Multiagent Planning by Plan Set Intersection and Plan Verification.pdf:pdf},
isbn = {978-989-758-073-4},
pages = {173--182},
publisher = {SCITEPRESS - Science and and Technology Publications},
title = {{Multiagent Planning by Plan Set Intersection and Plan Verification}},
url = {http://www.scitepress.org/DigitalLibrary/Link.aspx?doi=10.5220/0005222101730182},
year = {2015}
}
@incollection{Jones2006,
abstract = {As we progress towards a world where robots play an integral role in society, a critical problem that remains to be solved is the pickup team challenge; that is, dynamically formed heterogeneous robot teams executing coordinated tasks where little information is known a priori about the tasks, the robots, and the environments in which they would operate. Successful solutions to forming pickup teams would enable researchers to experiment with larger numbers of robots and enable industry to efficiently and cost-effectively integrate new robot technology with existing legacy teams. In this paper, we define the challenge of pickup teams and propose the treasure hunt domain for evaluating the performance of pickup teams. Additionally, we describe a basic implementation of a pickup team that can search and discover treasure in a previously unknown environment. We build on prior approaches in market-based task allocation and plays for synchronized task execution, to allocate roles amongst robots in the pickup team, and to execute synchronized team actions to accomplish the treasure hunt task},
author = {Jones, E. Gil and Browning, Brett and Dias, M. Bernardine and Argall, Brenna and Veloso, Manuela and Stentz, Anthony},
booktitle = {Proceedings 2006 IEEE International Conference on Robotics and Automation, 2006. ICRA 2006},
doi = {10.1109/ROBOT.2006.1641771},
file = {:C$\backslash$:/Users/sanek/Documents/Mendeley Desktop/Jones et al/2006/Dynamically formed heterogeneous robot teams performing tightly-coordinated tasks.pdf:pdf},
isbn = {0780395069},
issn = {10504729},
pages = {570--575},
title = {{Dynamically formed heterogeneous robot teams performing tightly-coordinated tasks}},
year = {2006}
}
@article{Vig2006,
author = {Vig, Lovekesh and Adams, Julie A and Member, Senior},
file = {:C$\backslash$:/Users/sanek/Documents/Mendeley Desktop/Vig, Adams, Member/2006/Multi-Robot Coalition Formation.pdf:pdf},
journal = {IEEE Transactions on Robotics},
number = {4},
pages = {637--649},
title = {{Multi-Robot Coalition Formation}},
volume = {22},
year = {2006}
}
@incollection{Hoek2007,
author = {van der Hoek, Wiebe and Wooldridge, Michael},
booktitle = {Handbook of Knowledge Representation},
file = {:C$\backslash$:/Users/sanek/Documents/Mendeley Desktop/Hoek, Wooldridge/2007/Multi-Agent Systems.pdf:pdf},
pages = {1--44},
title = {{Multi-Agent Systems}},
year = {2007}
}
@article{Granatyr2015,
abstract = {Finding reliable partners to interact with in open environments is a challenging task for software agents, and trust and reputation mechanisms are used to handle this issue. From this viewpoint, we can observe the growing body of research on this subject, which indicates that these mechanisms can be considered key elements to design multiagent systems (MASs). Based on that, this article presents an extensive but not exhaustive review about the most significant trust and reputation models published over the past two decades, and hundreds of models were analyzed using two perspectives. The first one is a combination of trust dimensions and principles proposed by some relevant authors in the field, and the models are discussed using an MAS perspective. The second one is the discussion of these dimensions taking into account some types of interaction found in MASs, such as coalition, argumentation, negotiation, and recommendation. By these analyses, we aim to find significant relations between trust dimensions and types of interaction so it would be possible to construct MASs using the most relevant dimensions according to the types of interaction, which may help developers in the design of MASs. es, and Fabr{\'{i}}cio Enembreck. 2015. Trust and reputation models for multiagent systems. ACM Comput. Surv. 48, 2, Article 27 (October 2015), 42 pages.},
author = {Granatyr, Jones and Botelho, Vanderson and Lessing, Otto Robert and Scalabrin, Edson Em{\'{i}}lio and Barth{\`{e}}s, Jean-Paul and Enembreck, Fabr{\'{i}}cio},
doi = {10.1145/2816826},
file = {::},
isbn = {0360-0300},
issn = {03600300},
journal = {ACM Computing Surveys},
month = {oct},
number = {2},
pages = {1--42},
title = {{Trust and Reputation Models for Multiagent Systems}},
url = {http://dl.acm.org/citation.cfm?doid=2830539.2816826},
volume = {48},
year = {2015}
}
@book{Hadad2013,
author = {Hadad, Meirav and Kraus, Sarit and {Ben-Arroyo Hartman}, Irith and Rosenfeld, Avi},
booktitle = {Annals of Mathematics and Artificial Intelligence},
doi = {10.1007/s10472-013-9363-9},
file = {::},
isbn = {1047201393639},
issn = {10122443},
keywords = {Artificial intelligence,Cooperation,Coordination,Multiagent system,Planning,Time constraints},
number = {3},
pages = {243--291},
title = {{Group planning with time constraints}},
volume = {69},
year = {2013}
}
@article{Hexmoor2006,
abstract = {Agent teaming and autonomy are foundational themes in multi-agent systems. Agents may work as singletons or they may work in environments where other agents exist. In multi-agent systems, agents may form teams by sharing common goals with other agents. Cooperation is essential for any collaborative, group activity. Beyond coordination and judicious role assignment, cooperation enables members of a team to be aware and account for collection of their goals as well as the performance of agents on individual goals. This paper presents a general model of cooperation and illustrates how it may enhance group performance. In this paper, we present results of an application of the concept of cooperation in a simulated swarm of reconnaissance urban UAVs that are tracking vehicles in an urban environment.},
author = {Hexmoor, Henry and Eluru, Swetha and Sabaa, Hadi},
file = {:C$\backslash$:/Users/sanek/Documents/Mendeley Desktop/Hexmoor, Eluru, Sabaa/2006/Plan sharing Showcasing coordinated UAV formation flight.pdf:pdf},
issn = {03505596},
journal = {Informatica (Ljubljana)},
keywords = {Agents,Benevolence,Collaboration,Help,UAV},
number = {2},
pages = {183--192},
title = {{Plan sharing: Showcasing coordinated UAV formation flight}},
volume = {30},
year = {2006}
}
@article{Vig2007,
author = {Vig, Lovekesh and Adams, Julie a.},
doi = {10.1007/s10846-007-9150-0},
file = {:C$\backslash$:/Users/sanek/Documents/Mendeley Desktop/Vig, Adams/2007/Coalition Formation From Software Agents to Robots.pdf:pdf},
issn = {0921-0296},
journal = {Journal of Intelligent and Robotic Systems},
number = {1},
pages = {85--118},
title = {{Coalition Formation: From Software Agents to Robots}},
url = {http://link.springer.com/10.1007/s10846-007-9150-0},
volume = {50},
year = {2007}
}
@article{2017,
abstract = {Системы комического наблюдения являются важным источником информации, необ- ходимой для оперативного решения широкого круга задач гражданского и военного назначе- ния. Эффективность функционирования таких систем зависит от многих факторов. Наряду с множеством технических, информационных, технологических, инфраструктурных, эконо- мических и других факторов, их эффективность в значительной степени зависит от качест- ва планирования миссий космических аппаратов и управления в реальном времени процессом исполнения миссии. В работе сформулирована проблема построения самоорганизующейся системы группового управления поведением кластера малых спутников, реализующего авто- номное исполнение заявок на сервис по добыванию информации о наземных объектах средст- вами космического наблюдения. В ней предлагается новая концепция группового управления в системе космического наблюдения. В основу этой концепции положен принцип самоорганиза- ции группового поведения кластера спутников. Такая система управления оказывается в со- стоянии реализовать автономное планирование и оперативное управления космической груп- пировкой, в которой все базовые функции процесса управления реализуются ее бортовыми средствами. Теоретический фундамент этой концепции строится на моделях коллективной робототехники, которые в настоящее время активно развиваются в области многоагент- ных систем. В работе приведен краткий обзор современного состояния исследований в об- ласти систем управления кластерами малых спутников, дана достаточно общая постановка задачи, в которой кластер малых спутников рассматривается как полностью автономная система, предназначенная для выполнения заказов на сбор и доставку космической информа- ции о наземных объектах. При этом полагается, что система управления самостоятельно в реальном времени распределяет задачи наблюдения на множестве спутников группировки, планирует и составляет расписание выполнения наблюдений в соответствии с пространст- венно-временными требованиями заказчика, выполняет оперативное управление распреде- ленным исполнением построенного расписания и выполняет коррекцию распределения задач и расписания их выполнения при возникновении нештатных ситуаций. В работе дано деталь- ное описание разработанной концепции самоорганизующейся системы группового управления кластером малых спутников, и архитектуры ее программной реализации.},
author = {Городецкий, В. И. and Карасев, О. В.},
doi = {10.18522/2311-3103-2017-1-234247},
file = {:C$\backslash$:/Users/sanek/Documents/Mendeley Desktop/Городецкий, Карасев/2017/Самоорганизация группового поведения кластера малых спутников распределенной системы наблюдения.pdf:pdf},
issn = {23113103},
journal = {Известия ЮФУ. Технические науки},
keywords = {Малый спутник,автономная миссия,блюдения,динамическая коммуникационная сеть.,задача наблюдения,коллективное поведение,парное взаимо- действие спутников,распределенная система на-,ресурсы спутника,самоорганизация},
language = {russian},
month = {jan},
number = {2},
pages = {234--247},
title = {{Самоорганизация группового поведения кластера малых спутников распределенной системы наблюдения}},
url = {http://izv-tn.tti.sfedu.ru/wp-content/uploads/2017/1/19.pdf},
volume = {187},
year = {2017}
}
@inproceedings{Brafman2015,
abstract = {To engage diverse agents in cooperative behavior, it is important, even necessary, to provide algo- rithms that do not reveal information that is private or proprietary. A number of recent planning algo- rithms enable agents to plan together for shared goals without disclosing information about their private state and actions. But these algorithms lack clear and formal privacy guarantees: the fact that they do not require agents to explicitly reveal pri- vate information, does not imply that such informa- tion cannot be deduced. The main contribution of this paper is an enhanced version of the distributed forward-search planning framework of Nissim and Brafman that reveals less information than the orig- inal algorithm, and the first, to our knowledge, dis- cussion and formal proof of privacy guarantees for distributed planning and search algorithms.},
author = {Brafman, Ronen I},
booktitle = {Proceedings of the Twenty-Fourth International Joint Conference on Artificial Intelligence (IJCAI 2015)},
file = {:C$\backslash$:/Users/sanek/Documents/Mendeley Desktop/Brafman/2015/A Privacy Preserving Algorithm for Multi-Agent Planning and Search.pdf:pdf},
pages = {1530--1536},
title = {{A Privacy Preserving Algorithm for Multi-Agent Planning and Search}},
year = {2015}
}
@article{Guo2016,
author = {Guo, Meng and Dimarogonas, Dimos V},
doi = {10.1109/TASE.2016.2628389},
file = {::},
issn = {15455955},
pages = {1--12},
title = {{Task and Motion Coordination for Heterogeneous Multiagent Systems With Loosely Coupled Local Tasks}},
year = {2016}
}
@article{Sabater2005,
abstract = {The scientific research in the area of computational mechanisms for trust and reputation in virtual societies is a recent discipline oriented to increase the reliability and performance of electronic communities. Computer science has moved from the paradigm of isolated machines to the paradigm of networks and distributed computing. Likewise, artificial intelligence is quickly moving from the paradigm of isolated and non-situated intelligence to the paradigm of situated, social and collective intelligence. The new paradigm of the so called intelligent or autonomous agents and multi-agent systems (MAS) together with the spectacular emergence of the information society technologies (specially reflected by the popularization of electronic commerce) are responsible for the increasing interest on trust and reputation mechanisms applied to electronic societies. This review wants to offer a panoramic view on current computational trust and reputation models.},
author = {Sabater, Jordi and Sierra, Carles},
doi = {10.1007/s10462-004-0041-5},
file = {::},
isbn = {02692821 (ISSN)},
issn = {0269-2821},
journal = {Artificial Intelligence Review},
keywords = {Reputation,Trust},
month = {sep},
number = {1},
pages = {33--60},
title = {{Review on Computational Trust and Reputation Models}},
url = {http://link.springer.com/10.1007/s10462-004-0041-5},
volume = {24},
year = {2005}
}
@article{Of2010,
author = {Of, Foundations and Agents, Computational},
file = {::},
isbn = {9780977858231},
issn = {0004-3702},
number = {95},
pages = {19--20},
title = {{Artificial Intelligence}},
volume = {86},
year = {2010}
}
@article{Crosby2014,
abstract = {In this paper we present a novel approach to multiagent planning in domains with concurrent actions and associated concurrent action constraints. In these domains, we associate the actions of individual agents with subsets of objects, which allows for a transformation of the problems into single-agent planning problems that are considerably easier to solve. The transformation forces agents to select joint actions associated with a single subset of objects at a time, and ensures that the concurrency constraints on this subset are satisfied. Joint actions are serialised such that each agent performs their part of the action separately. The number of actions in the resulting single-agent planning problem turns out to be manageable in many real-world domains, thus allowing the problem to be solved efficiently using a standard single-agent planner. We also describe a cost-optimal algorithm for compressing the resulting plan, i.e. merging individual actions in order to reduce the total number of joint actions. Results show that our approach can handle large problems that are impossible to solve for most multiagent planners.},
author = {Crosby, Matthew and Jonsson, Anders and Rovatsos, Michael},
doi = {10.3233/978-1-61499-419-0-237},
file = {:C$\backslash$:/Users/sanek/Documents/Mendeley Desktop/Crosby, Jonsson, Rovatsos/2014/A single-agent approach to multiagent planning.pdf:pdf},
isbn = {9781614994183},
issn = {09226389},
journal = {Frontiers in Artificial Intelligence and Applications},
pages = {237--242},
title = {{A single-agent approach to multiagent planning}},
volume = {263},
year = {2014}
}
@article{Gorodetsky2009,
abstract = {В работе рассматривается технология построения прикладных систем группового управления, со- стоящих из большого числа автономных подсистем, организованных в сеть, узлы которой могут работать под управлением различных операционных систем и в различных коммуникационных средах. Технология интегрирует подходы распределенного принятия решений, многоагентных систем, ориентированной на сервис архитектуры и вычислений на основе парных взаимодействий. Технология поддерживается инструментальными средствами, ко- торые обеспечивают эффективную разработку агентов и механизмов их взаимодействия. Приводятся примеры использования технологии в ряде приложений, в частности, для автономного управления воздушным движением в районе аэропорта.},
author = {Городецкий, В. И. and Карсаев, О. В. and Самойлов, В. В. and Серебряков, С. В.},
file = {:C$\backslash$:/Users/sanek/Documents/Mendeley Desktop/Городецкий et al/2009/Прикладные многоагентные системы группового управления.pdf:pdf},
journal = {Искусственный интеллект и принятие решений},
language = {russian},
number = {2},
pages = {3--24},
title = {{Прикладные многоагентные системы группового управления}},
year = {2009}
}
@inproceedings{Apeldoorn2015,
author = {Apeldoorn, Daan},
booktitle = {Proceedings of the 5th Workshop on Dynamics of Knowledge and Belief (DKB-2015) and the 4th Workshop KI {\&} Kognition (KIK-2015) co-located with 38th German Conference on Artificial Intelligence (KI-2015)},
editor = {Beierle, Christoph and Kern-Isberner, Gabriele and Ragni, Marco and Frieder, Stolzenburg},
file = {:C$\backslash$:/Users/sanek/Documents/Mendeley Desktop/Apeldoorn/2015/Learning Rules for Cooperative Solving of Spatio-Temporal Problems.pdf:pdf},
keywords = {cooperative problem solving,knowledge extraction,learning,multi-agent simulation,rule},
pages = {5--15},
title = {{Learning Rules for Cooperative Solving of Spatio-Temporal Problems}},
year = {2015}
}
@inproceedings{Primeau2016,
author = {Primeau, Nicolas and Falcon, Rafael and Abielmona, Rami and Groza, Voicu and Petriu, Emil},
booktitle = {2016 IEEE 20th Jubilee International Conference on Intelligent Engineering Systems (INES)},
doi = {10.1109/INES.2016.7555136},
file = {::},
isbn = {978-1-5090-1216-9},
month = {jun},
pages = {21--26},
publisher = {IEEE},
title = {{Improving task allocation in risk-aware robotic sensor networks via auction protocol selection}},
url = {http://ieeexplore.ieee.org/document/7555136/},
year = {2016}
}
@article{Jennings1995a,
abstract = {One reason why Distributed AI (DAI) technology has been deployed in relatively few real-size applications is that it lacks a clear and implementable model of cooperative problem solving which specifies how agents should operate and interact in complex, dynamic and unpredictable environments. As a consequence of the experience gained whilst building a number of DAI systems for industrial applications, a new principled model of cooperation has been developed. This model, called Joint Responsibility, has the notion of joint intentions at its core. It specifies pre-conditions which must be attained before collaboration can commence and prescribes how individuals should behave both when joint activity is progressing satisfactorily and also when it runs into difficulty. The theoretical model has been used to guide the implementation of a general-purpose cooperation framework and the qualitative and quantitative benefits of this implementation have been assessed through a series of comparative experiments in the real-world domain of electricity transportation management. Finally, the success of the approach of building a system with an explicit and grounded representation of cooperative problem solving is used to outline a proposal for the next generation of multi-agent systems. {\textcopyright} 1995.},
author = {Jennings, N. R.},
doi = {10.1016/0004-3702(94)00020-2},
file = {:C$\backslash$:/Users/sanek/Documents/Mendeley Desktop/Jennings/1995/Controlling cooperative problem solving in industrial multi-agent systems using joint intentions.pdf:pdf},
isbn = {0004-3702},
issn = {00043702},
journal = {Artificial Intelligence},
number = {2},
pages = {195--240},
title = {{Controlling cooperative problem solving in industrial multi-agent systems using joint intentions}},
volume = {75},
year = {1995}
}
@article{Chandrasekaran2017,
author = {Chandrasekaran, Muthukumaran and Doshi, Prashant and Zeng, Yifeng and Chen, Yingke},
doi = {10.1007/s10458-016-9354-4},
file = {::},
issn = {1387-2532},
journal = {Autonomous Agents and Multi-Agent Systems},
keywords = {Multiagent systems,Ad hoc teamwork,Sequential deci},
number = {4},
pages = {821--860},
publisher = {Springer US},
title = {{Can bounded and self-interested agents be teammates? Application to planning in ad hoc teams}},
url = {http://link.springer.com/10.1007/s10458-016-9354-4},
volume = {31},
year = {2017}
}
@article{Hayes2016b,
abstract = {Collaboration between humans and robots requires solutions to an array of challenging problems, including multi-agent planning, state estimation, and goal inference. There already exist feasible solutions for many of these challenges, but they depend upon having rich task models. In this work we detail a novel type of Hierarchical Task Network we call a Clique/Chain HTN (CC-HTN), alongside an algorithm for autonomously constructing them from topological properties derived from graphical task representations. As the presented method relies on the structure of the task itself, our work imposes no particular type of symbolic insight into motor primitives or environmental representation, making it applicable to a wide variety of use cases critical to human-robot interaction. We present evaluations within a multi-resolution goal inference task and a transfer learning application showing the utility of our approach.},
author = {Hayes, Bradley and Scassellati, Brian},
doi = {10.1109/ICRA.2016.7487760},
file = {:C$\backslash$:/Users/sanek/Documents/Mendeley Desktop/Hayes, Scassellati/2016/Autonomously constructing hierarchical task networks for planning and human-robot collaboration.pdf:pdf},
isbn = {9781467380263},
issn = {10504729},
journal = {Proceedings - IEEE International Conference on Robotics and Automation},
pages = {5469--5476},
title = {{Autonomously constructing hierarchical task networks for planning and human-robot collaboration}},
volume = {2016-June},
year = {2016}
}
