Automatically generated by Mendeley Desktop 1.19.2
Any changes to this file will be lost if it is regenerated by Mendeley.

BibTeX export options can be customized via Options -> BibTeX in Mendeley Desktop

@inproceedings{Makarov2016,
abstract = {Работа посвящена архитектуре системы управления сложными техническими объектами, рассматриваемыми как интеллектуальные агенты. В качестве таких объектов взяты малые беспилотные летательные аппараты (БПЛА) мультикоптерного типа. Архитектура состоит из трех уровней: стратегического, тактического и реактивного. Её применение позволит автоматизировать управление как отдельными БПЛА, так и их коалициями БПЛА при решении широкого круга задач.},
address = {Смоленск},
author = {Макаров, Д. А. and Панов, А. И. and Яковлев, К. С.},
booktitle = {Пятнадцатая национальная конференция по искусственному интеллекту с международным участием КИИ-2016 (3-7 октября 2016г., г.Смоленск, Россия): Труды конференции},
file = {:C$\backslash$:/Users/panov/Documents/Mendeley Desktop/Пятнадцатая национальная конференция по искусственному интеллекту с международным участием КИИ-2016 (3-7.Смоленск, Россия) Труды конференции/Макаров, Панов, Яковлев/Макаров, Панов, Яковлев - 2016 - STRL много.doc:doc;:C$\backslash$:/Users/panov/Documents/Mendeley Desktop/Пятнадцатая национальная конференция по искусственному интеллекту с международным участием КИИ-2016 (3-7.Смоленск, Россия) Труды конференции/Макаров, Панов, Яковлев/Макаров, Панов, Яковлев - 2016 - STRL много.pdf:pdf;:C$\backslash$:/Users/panov/Documents/Mendeley Desktop/Пятнадцатая национальная конференция по искусственному интеллекту с международным участием КИИ-2016 (3-7.Смоленск, Россия) Труды конференции/Макаров, Панов, Яковлев/Макаров, Панов, Яковлев - 2016 - STRL мн(2).pdf:pdf},
isbn = {978-5-91412-316-8},
keywords = {14-11-00692,elibrary,myconf,беспилотные летательные аппараты,знаковая картина мира,интеллектуальная система управления,многоуровневая архитектура,нелинейное управление,планирование поведения,планирование траектории,уравнение Риккати},
language = {russian},
mendeley-tags = {14-11-00692,elibrary,myconf},
pages = {179--188},
publisher = {Универсум},
title = {{STRL: многоуровневая система управления интеллектуальными агентами}},
volume = {1},
year = {2016}
}
@article{Panov2016d,
abstract = {В работе исследуется задача автоматического планирования в контексте более общей проблемы создания интеллектуальных систем управления сложными техническими объектами (мобильными роботами, беспилотными транспортными средствами и др.). Основное внимание уделяется задачам, которые не могут быть решены без взаимодействия методов стратегического (символьного) и тактического (субсимвольного) планирования. В работе предлагаются оригинальные методы планирования на символьном (психологически правдоподобное планирование поведения агента) и субсимвольном (планирование траектории) уровнях. Описываются способы их взаимной увязки и возникающие прямые и обратные связи. Приводится описание применения указанных алгоритмов на модельном примере задачи коллективного перемещения в динамической среде с разрушаемыми препятствиями.},
author = {Панов, А. И. and Яковлев, К. С.},
file = {:C$\backslash$:/Users/panov/Documents/Mendeley Desktop/Искусственный интеллект и принятие решений/Панов, Яковлев/Панов, Яковлев - 2016 - Взаимодействие стратегического и тактического планирования поведения коалиций агентов в динамической среде.doc:doc;:C$\backslash$:/Users/panov/Documents/Mendeley Desktop/Искусственный интеллект и принятие решений/Панов, Яковлев/Панов, Яковлев - 2016 - Взаимодействие стратегического и тактического планирования поведения коалиций агентов в динамической среде.pdf:pdf},
journal = {Искусственный интеллект и принятие решений},
keywords = {15-37-20893,16-37-60055,A*,JPS,LIAN,elibrary,mypub,vak,автоматическое планирование,знаковая картина мира,значение,интеллектуальное планирование,личностный смысл,образ,планирование,планирование поведения,планирование траектории,эвристический поиск},
language = {russian},
mendeley-tags = {15-37-20893,16-37-60055,elibrary,mypub,vak},
number = {4},
pages = {68--78},
title = {{Взаимодействие стратегического и тактического планирования поведения коалиций агентов в динамической среде}},
url = {http://aidt.ru/index.php?option=com{\_}content{\&}view=article{\&}id=740:a-i-panov-k-s-yakovlev-vzaimodejstvie-strategicheskogo-i-takticheskogo-planirovaniya-povedeniya-koalitsii-agentov-v-dinamicheskoj-srede{\&}catid=291:modelirovanie-povedeniya-i-upravlenie{\&}Itemid=},
year = {2016}
}
@article{Emelyanov2016,
abstract = {Extensive use of unmanned aerial vehicles (UAVs) in recent years has induced the rapid growth of research areas related to UAV production. Among these, the design of control systems capable of automating a wide range of UAV activities is one of the most actively explored and evolving. Currently, researchers and developers are interested in designing control systems that can be referred to as intelligent, e.g. the systems which are suited to solve such tasks as planning, goal prioritization, coalition formation etc. and thus guarantee high levels of UAV autonomy. One of the principal problems in intelligent control system design is tying together various methods and models traditionally used in robotics and aimed at solving such tasks as dynamics modelling, control signal genera- tion, location and mapping, path planning etc. with the methods of behaviour modelling and planning which are thoroughly studied in cognitive science. Our work is aimed at solving this problem. We propose layered architecture — STRL (strategic, tactical, reactive, layered) — of the control system that au- tomates the behaviour generation using a cognitive approach while taking into account complex dynamics and kinematics of the control object (UAV).We use a special type of knowledge representation — sign world model — that is based on the psychological activity theory to describe individual behaviour planning and coalition formation processes. We also propose path planning methodology which serves as the mediator between the high-level cognitive activities and the reactive control signals generation. To generate these signals we use a state-dependent Riccati equation and specific method for solving it. We believe that utilization of the proposed architecture will broaden the spectrum of tasks which can be solved by the UAV's coalition automatically, as well as raise the autonomy level of each individual member of that coalition.},
author = {Emel'yanov, Stanislav and Makarov, Dmitry and Panov, Aleksandr I. and Yakovlev, Konstantin},
doi = {10.1016/j.cogsys.2015.12.008},
file = {:C$\backslash$:/Users/panov/Documents/Mendeley Desktop/Cognitive Systems Research/Emel'yanov et al/Emel'yanov et al. - 2016 - Multilayer cognitive architecture for UAV control(2).pdf:pdf},
issn = {1389-0417},
journal = {Cognitive Systems Research},
keywords = {14-11-00692,cognitive architecture,elibrary,intelligent control system,mypub,nonlinear control,path planning,scopus,sign world model,state-dependent Riccati equation,unmanned aerial vehicle,wos{\_}core},
mendeley-tags = {14-11-00692,elibrary,mypub,scopus,wos{\_}core},
pages = {58--72},
title = {{Multilayer cognitive architecture for UAV control}},
url = {http://linkinghub.elsevier.com/retrieve/pii/S1389041716000048},
volume = {39},
year = {2016}
}
@article{Panov2018a,
abstract = {В работе рассматривается знаковый подход к проблеме моделирования процесса целеполагания и его интеграции с методами синтеза плана поведения. На основе психологически правдоподобной модели знаковой картины мира когнитивного агента предложен алгоритм GoalMAP, который на основе формальной сетевой модели реализует итеративный процесс иерархического планирования с выделенным этапом постановки или выбора новой цели. Рассмотрена оценка сложности алгоритма планирования поведения, проведены модельные эксперименты с программной реализацией построенных алгоритмов, демонстрирующей ключевые особенности используемого подхода.},
author = {Панов, А. И.},
file = {:C$\backslash$:/Users/panov/Documents/Mendeley Desktop/Искусственный интеллект и принятие решений/Панов/Панов - 2018 - Целеполагание и синтез плана поведения когнитивным агентом.docx:docx},
journal = {Искусственный интеллект и принятие решений},
keywords = {16-37-60055,17-07-00281,GoalMAP,frccsc,mypub,vak,знак,знаковая картина мира,когнитивный агент,культурно-исторический подход,планирование,планирование поведения,теория деятельности,целеполагание},
language = {russian},
mendeley-tags = {16-37-60055,17-07-00281,frccsc,mypub,vak},
number = {2},
pages = {(В печати)},
title = {{Целеполагание и синтез плана поведения когнитивным агентом}},
year = {2018}
}
@article{Osipov2015d,
abstract = {Рассматриваются процедуры формирования элемента картины мира субъекта деятельности (знака), введенные в первой части работы. Исследуется процесс формирование пары образ – значение знака с учетом современных представлений о строении и функционировании коры головного мозга человека. Строится алгоритм синтеза плана поведения и предлагается новая архитектура интеллектуальных агентов, обладающих, в частности, способностями к распределению ролей в коалициях.},
author = {Осипов, Г. С. and Панов, А. И. and Чудова, Н. В.},
doi = {10.7868/S0002338815050108},
file = {:C$\backslash$:/Users/panov/Documents/Mendeley Desktop/Известия Российский академии наук. Теория и системы управления/Осипов, Панов, Чудова/Осипов, Панов, Чудова - 2015 - Управление поведением как функция сознания. II. Синтез плана поведения.pdf:pdf},
isbn = {0002-3388},
journal = {Известия Российский академии наук. Теория и системы управления},
keywords = {14-11-00692,15-07-06214,elibrary,mypub,vak},
language = {russian},
mendeley-tags = {14-11-00692,15-07-06214,elibrary,mypub,vak},
number = {6},
pages = {47--61},
title = {{Управление поведением как функция сознания. II. Синтез плана поведения}},
year = {2015}
}
@incollection{Panov2016c,
abstract = {In this paper we outline the approach of solving special type of navigation tasks for robotic systems, when a coalition of robots (agents) acts in the 2D environment, which can be modified by the actions, and share the same goal location. The latter is originally unreachable for some members of the coalition, but the common task still can be accomplished as the agents can assist each other (e.g. by modifying the environment). We call such tasks smart relocation tasks (as the can not be solved by pure path planning methods) and study spatial and behavior interaction of robots while solving them. We use cognitive approach and introduce semiotic knowledge representation — sign world model which underlines behavioral planning methodology. Planning is viewed as a recursive search process in the hierarchical state-space induced by sings with path planning signs reside on the lowest level. Reaching this level triggers path planning which is accomplished by state of the art grid-based planners focused on producing smooth paths (e.g. LIAN) and thus indirectly guarantying feasibility of that paths against agent's dynamic constraints.},
author = {Panov, Aleksandr I. and Yakovlev, Konstantin},
booktitle = {Robot Intelligence Technology and Applications 4},
doi = {10.1007/978-3-319-31293-4_1},
editor = {Kim, Jong-Hwan and Karray, Fakhri and Jo, Jun and Sincak, Peter and Myung, Hyun},
file = {:C$\backslash$:/Users/panov/Documents/Mendeley Desktop/Robot Intelligence Technology and Applications 4/Panov, Yakovlev/Panov, Yakovlev - 2016 - Behavior and Path Planning for the Coalition of Cognitive Robots in Smart Relocation Tasks(2).pdf:pdf;:C$\backslash$:/Users/panov/Documents/Mendeley Desktop/Robot Intelligence Technology and Applications 4/Panov, Yakovlev/Panov, Yakovlev - 2016 - Behavior and Path Planning for the Coalition of Cognitive Robots in Smart Relocation Tasks.pdf:pdf},
keywords = {14-07-31194,15-37-20893,behavior planning,coalition,elibrary,knowledge representation,lian,myconf,path planning,scopus,semiotic model,sign world model,task planning,wos{\_}core},
mendeley-tags = {14-07-31194,15-37-20893,elibrary,myconf,scopus,wos{\_}core},
pages = {3--20},
publisher = {Springer International Publishing},
series = {Advances in Intelligent Systems and Computing},
title = {{Behavior and Path Planning for the Coalition of Cognitive Robots in Smart Relocation Tasks}},
url = {http://link.springer.com/10.1007/978-3-319-31293-4{\_}1},
year = {2016}
}
@incollection{Kiselev2018c,
abstract = {The paper discusses the interaction between methods of modeling reasoning and behavior planning in a sign-based world model for the task of synthesizing a hierarchical plan of relocation. Such inter- action is represented by the formalism of intelligent rule-based dynamic systems in the form of alternate use of transition functions (planning) and closure functions (reasoning). Particular attention is paid to the ways of information representation of the object spatial relationships on the local map and the methods of organizing pseudo-physical reasoning in a sign-based world model. The paper presents a number of model exper- iments on the relocation of a cognitive agent in different environments and replenishment of the state description by means of the variants of logical inference.},
author = {Kiselev, Gleb and Kovalev, Alexey and Panov, Aleksandr I},
booktitle = {Artificial Intelligence},
doi = {10.1007/978-3-030-00617-4_1},
editor = {Kuznetsov, Sergei and Osipov, Gennady S. and Stefanuk, Vadim},
file = {:C$\backslash$:/Users/panov/Documents/Mendeley Desktop/Artificial Intelligence/Kiselev, Kovalev, Panov/Kiselev, Kovalev, Panov - 2018 - Spatial reasoning and planning in sign-based world model(2).pdf:pdf},
isbn = {978-3-030-00616-7},
keywords = {17-29-07051,18-07-01011,ing modelling,mipt,myconf,pseudophysical logic,reason-,relocation planning,sign,sign-based world model},
mendeley-tags = {17-29-07051,18-07-01011,mipt,myconf},
pages = {1--10},
publisher = {Springer International Publishing},
series = {Communications in Computer and Information Science},
title = {{Spatial reasoning and planning in sign-based world model}},
url = {https://link.springer.com/chapter/10.1007/978-3-030-00617-4{\_}1},
year = {2018}
}
@article{Panov2017a,
abstract = {Behavior planning is an important function of any complex technical facility intelligent control system. Presently, a symbol paradigm of artificial intelligence offers a variety of planning algorithms, including those that use precedent information, i.e. algorithms based on acquired knowledge. A symbol grounding problem within the exiting approaches of knowledge representation does not allow effective use the developed algorithms together with learning mechanisms for the purpose of solving a wide variety of applied problems by actual intelligent agents (robotics systems). This article presents the original planning algorithm (MAP Planner), which uses a sign world model as the basis for acquisition and maintenance of knowledge for future use in behavior planning. the sign problem approach describes planning as a cognitive function actualized by the world model of a subject of activity. Apart from solving symbol grounding problems and ensuring psychological and biological plausibility, a sign planning process model allows interaction of an intelligent agent with other participants in solving a cooperative task. The article presents the description of the knowledge representation method used, a MAP planning algorithm, and a model experiment in a “block world”.},
annote = {NULL},
author = {Panov, Aleksandr I.},
doi = {10.1016/j.bica.2016.12.001},
file = {:C$\backslash$:/Users/panov/Documents/Mendeley Desktop/Biologically Inspired Cognitive Architectures/Panov/Panov - 2017 - Behavior Planning of Intelligent Agent with Sign World Model.pdf:pdf;:C$\backslash$:/Users/panov/Documents/Mendeley Desktop/Biologically Inspired Cognitive Architectures/Panov/Panov - 2017 - Behavior Planning of Intelligent Agent with Sign World Model.pdf:pdf},
issn = {2212-683X},
journal = {Biologically Inspired Cognitive Architectures},
keywords = {16-37-60055,behavior planning,causal matrix,elibrary,frccsc,hse,map algorithm,mypub,scopus,semiotic network,sign image,sign personal meaning,sign significance,sign world model,wos{\_}core},
mendeley-tags = {16-37-60055,elibrary,frccsc,hse,mypub,scopus,wos{\_}core},
pages = {21--31},
title = {{Behavior Planning of Intelligent Agent with Sign World Model}},
url = {http://www.sciencedirect.com/science/article/pii/S2212683X16300913},
volume = {19},
year = {2017}
}
@article{Kiselev2018a,
abstract = {В настоящей работе рассмотрена задача распределения ролей при составлении общего плана действий в коалиции когнитивных агентов. Когнитивные агенты реализуют основные функции интеллектуального агента с использованием моделей когнитивных функций человека. В качестве психологических оснований построения моделей когнитивных функций использованы теория деятельности и формальная модель знаковой картины мира. В работе представлен оригинальный метод распределения ролей – алгоритм MultiMAP, основанный на знаковом способе планирования поведения агента. Представлены основные особенности описываемого подхода, включающие способы представления знаний агента о себе и о других агентах, способы знаковой коммуникации и сохранения опыта кооперации с другими агентами. Описаны модельные эксперименты, демонстрирующие основные преимущества представленного подхода и некоторые недостатки, на устранение которых направлена будущая работа в данном направлении.},
author = {Киселев, Г. А. and Панов, А. И.},
doi = {10.15622/sp.57.7},
file = {:C$\backslash$:/Users/panov/Documents/Mendeley Desktop/Труды СПИИРАН/Киселев, Панов/Киселев, Панов - 2018 - Знаковый подход к задаче распределения ролей в коалиции когнитивных агентов.docx:docx;:C$\backslash$:/Users/panov/Documents/Mendeley Desktop/Труды СПИИРАН/Киселев, Панов/Киселев, Панов - 2018 - Знаковый подход к задаче распределения ролей в коалиции когнитивных агентов.pdf:pdf},
issn = {2078-9181},
journal = {Труды СПИИРАН},
keywords = {16-37-60055,elibrary,frccsc,hse,mypub,vak},
language = {russian},
mendeley-tags = {16-37-60055,elibrary,frccsc,hse,mypub,vak},
number = {2},
pages = {161--187},
title = {{Знаковый подход к задаче распределения ролей в коалиции когнитивных агентов}},
url = {http://proceedings.spiiras.nw.ru/ojs/index.php/sp/article/view/3665},
year = {2018}
}
@inproceedings{Kiselev2018b,
address = {Севастополь},
author = {Киселев, Г. А. and Панов, А. И.},
booktitle = {Интеллектуальные системы, управление и мехатроника – 2018: Ма-териалы Всероссийской научн.-техн. конф., Севастополь 29-31 мая 2018 г.},
file = {:C$\backslash$:/Users/panov/Documents/Mendeley Desktop/Интеллектуальные системы, управление и мехатроника – 2018 Ма-териалы Всероссийской научн.-техн. конф., Севастополь 29-31 мая 2018 г/Киселев, Панов/Киселев, Панов - 2018 - Семиотическое представление простран.docx:docx;:C$\backslash$:/Users/panov/Documents/Mendeley Desktop/Интеллектуальные системы, управление и мехатроника – 2018 Ма-териалы Всероссийской научн.-техн. конф., Севастополь 29-31 мая 2018 г/Киселев, Панов/Киселев, Панов - 2018 - Семиотическое представление пространс.pdf:pdf},
keywords = {17-07-00281,17-29-07053,frccsc,myconf},
language = {russian},
mendeley-tags = {17-07-00281,17-29-07053,frccsc,myconf},
pages = {91--97},
publisher = {Изд-во СевГУ},
title = {{Семиотическое представление пространственных отношений для задачи интеллектуального перемещения}},
url = {https://elibrary.ru/item.asp?id=35263035},
year = {2018}
}
@article{Osipov2017a,
abstract = {В соответствии с современными взглядами на возникновение психических функций и на роль в этом нейрофизиологических процессов, формирование психических функций связывается с существованием или синтезом в процессе коммуникации специальных информационных структур, содержащих три различных по происхождению вида информации: информации, поступающей из внешней среды, информации, извлекаемой из памяти, и информации, приходящей из центров мотивации. Связывание таких компонент в единое целое обеспечивается их именованием; оно же обеспечивает устойчивость возникающих структур. Такие информационные структуры были названы нами знаками ввиду их сходства с аналогичными структурами, изучаемыми в семиотике. Множество знаков, формируемых субъектом в процессе деятельности и коммуникации, образует его знаковую картину мира, отражающую его представления о внешней среде, о себе и о других субъектах.Знаковая картина мира позволяет поставить и решить ряд задач, возникающих при моделировании поведения интеллектуальных агентов и их коалиций, таких как задачи целеполагания, синтеза целенаправленного поведения, распределения ролей и взаимодействия агентов в коалиции. В работе рассматривается специальный объект - каузальная матрица, с помощью которой описывается строение компонент знака. На этой основе определяются операции и отношения в знаковой картине мира, моделирующие психологические особенности поведения человека.},
author = {Осипов, Г. С. and Панов, А. И.},
file = {:C$\backslash$:/Users/panov/Documents/Mendeley Desktop/Искусственный интеллект и принятие решений/Осипов, Панов/Осипов, Панов - 2017 - Отношения и операции в знаковой картине мира субъекта поведения(2).docx:docx;:C$\backslash$:/Users/panov/Documents/Mendeley Desktop/Искусственный интеллект и принятие решений/Осипов, Панов/Осипов, Панов - 2017 - Отношения и операции в знаковой картине мира субъекта поведения.pdf:pdf},
journal = {Искусственный интеллект и принятие решений},
keywords = {15-37-20893,16-37-60055,elibrary,frccsc,mypub,osipov,vak},
language = {russian},
mendeley-tags = {15-37-20893,16-37-60055,elibrary,frccsc,mypub,osipov,vak},
number = {4},
pages = {5--22},
title = {{Отношения и операции в знаковой картине мира субъекта поведения}},
url = {http://aidt.ru/index.php?option=com{\_}content{\&}view=article{\&}id=775:g-s-osipov-a-i-panov-otnosheniya-i-operatsii-v-znakovoj-kartine-mira-sub-ekta-povedeniya{\&}catid=321:kognitivnoe-modelirovanie{\&}Itemid=200{\&}lang=ru https://elibrary.ru/item.asp?id=30771439},
year = {2017}
}
@article{Osipov2014c,
abstract = {Рассматриваются функции, которые в психологии принято относить к функциям сознания. К числу таких функций относятся рефлексия, осознание мотива деятельности, целеполагание, синтез целенаправленного поведения и некоторые иные. Описание опирается на понятие знака, достаточно широко используемое в психологии, в частности, в культурно-исторической теории Л.С.Выготского, где знак понимается неформальным образом. В настоящей работе уточняется понятие знака, рассматриваются механизмы формирования знаков и некоторые процедуры самоорганизации на множестве знаков. Благодаря работе механизмов самоорганизации возникает новый способ представления картины мира субъекта деятельности. Вводится понятие семиотической сети, которое используется для исследования картин мира субъектов. Строятся модели некоторых из указанных выше функций. Вторая часть статьи посвящена функциям самосознания и применению построенных моделей для задачи синтеза плана и построения новых архитектур интеллектуальных агентов, обладающих, в частности, способностями к распределению ролей в коалициях.},
author = {Осипов, Г. С. and Панов, А. И. and Чудова, Н. В.},
doi = {10.7868/S000233881404012X},
file = {:C$\backslash$:/Users/panov/Documents/Mendeley Desktop/Известия Российской академии наук. Теория и системы управления/Осипов, Панов, Чудова/Осипов, Панов, Чудова - 2014 - Управление поведением как функция сознания. I. Картина мира и целеполагание.doc:doc;:C$\backslash$:/Users/panov/Documents/Mendeley Desktop/Известия Российской академии наук. Теория и системы управления/Осипов, Панов, Чудова/Осипов, Панов, Чудова - 2014 - Управление поведением как функция сознания. I. Картина мира и целеполагание.pdf:pdf},
issn = {0002-3388},
journal = {Известия Российской академии наук. Теория и системы управления},
keywords = {12-07-00611,elibrary,mypub,vak},
language = {russian},
mendeley-tags = {12-07-00611,elibrary,mypub,vak},
number = {4},
pages = {49--62},
title = {{Управление поведением как функция сознания. I. Картина мира и целеполагание}},
url = {http://elibrary.ru/item.asp?doi=10.7868/S000233881404012X},
year = {2014}
}
@book{Osipov2018a,
abstract = {В монографии рассмотрено возникновение и формирование картин мира субъекта деятельности. Рассматривается понятие знака в качестве основного элемента картины мира. Приведены психологические и нейрофизиологические основания знаковой структуры картин мира. Строится модель знака, рассматриваются структура знака, семейства отношений и операций на множестве знаков. Показывается, что различные семейства отношений на множестве знаков позволяют моделировать различные типы картин мира. Продемонстрированы возможности знакового подхода в моделировании некоторых когнитивных функций, таких как целеполагание и динамическое распределение ролей в коалициях субъектов деятельности. Книга предназначена специалистам в области искусственного интеллекта, психологии, лингвистики и всем интересующимся проблемами моделирования человеческого сознания. Может быть использована аспирантами и студентами старших курсов университетов.},
address = {М.},
author = {Осипов, Г. С. and Панов, А. И. and Чудова, Н. В. and Кузнецова, Ю. М.},
file = {:C$\backslash$:/Users/panov/Documents/Mendeley Desktop/Unknown/Осипов et al/Осипов et al. - 2018 - Знаковая картина мира субъекта поведения.pdf:pdf;:C$\backslash$:/Users/panov/Documents/Mendeley Desktop/Unknown/Осипов et al/Осипов et al. - 2018 - Знаковая картина мира субъекта поведения.pdf:pdf},
isbn = {978-5-9221-1781-4},
keywords = {15-07-06214,17-17-00138,frccsc,mybook,osipov},
language = {russian},
mendeley-tags = {15-07-06214,17-17-00138,frccsc,mybook,osipov},
pages = {264},
publisher = {Физматлит},
title = {{Знаковая картина мира субъекта поведения}},
url = {http://www.rfbr.ru/rffi/ru/books/o{\_}2052004},
year = {2018}
}
@article{Osipov2017a,
abstract = {В соответствии с современными взглядами на возникновение психических функций и на роль в этом нейрофизиологических процессов, формирование психических функций связывается с существованием или синтезом в процессе коммуникации специальных информационных структур, содержащих три различных по происхождению вида информации: информации, поступающей из внешней среды, информации, извлекаемой из памяти, и информации, приходящей из центров мотивации. Связывание таких компонент в единое целое обеспечивается их именованием; оно же обеспечивает устойчивость возникающих структур. Такие информационные структуры были названы нами знаками ввиду их сходства с аналогичными структурами, изучаемыми в семиотике. Множество знаков, формируемых субъектом в процессе деятельности и коммуникации, образует его знаковую картину мира, отражающую его представления о внешней среде, о себе и о других субъектах.Знаковая картина мира позволяет поставить и решить ряд задач, возникающих при моделировании поведения интеллектуальных агентов и их коалиций, таких как задачи целеполагания, синтеза целенаправленного поведения, распределения ролей и взаимодействия агентов в коалиции. В работе рассматривается специальный объект - каузальная матрица, с помощью которой описывается строение компонент знака. На этой основе определяются операции и отношения в знаковой картине мира, моделирующие психологические особенности поведения человека.},
author = {Осипов, Г. С. and Панов, А. И.},
file = {:C$\backslash$:/Users/panov/Documents/Mendeley Desktop/Искусственный интеллект и принятие решений/Осипов, Панов/Осипов, Панов - 2017 - Отношения и операции в знаковой картине мира субъекта поведения.pdf:pdf},
journal = {Искусственный интеллект и принятие решений},
keywords = {15-37-20893,16-37-60055,frccsc,mypub},
language = {russian},
mendeley-tags = {15-37-20893,16-37-60055,frccsc,mypub},
number = {4},
pages = {5--22},
title = {{Отношения и операции в знаковой картине мира субъекта поведения}},
url = {http://aidt.ru/index.php?option=com{\_}content{\&}view=article{\&}id=775:g-s-osipov-a-i-panov-otnosheniya-i-operatsii-v-znakovoj-kartine-mira-sub-ekta-povedeniya{\&}catid=321:kognitivnoe-modelirovanie{\&}Itemid=200{\&}lang=ru},
year = {2017}
}
@article{Panov2016b,
abstract = {Behavior planning is known to be one of the basic cognitive functions, which is essential for any cognitive architecture of any control system used in robotics. At the same time most of the widespread planning algorithms employed in those systems are developed using only approaches and models of Artificial Intelligence and don't take into account numerous results of cognitive experiments. As a result, there is a strong need for novel methods of behavior planning suitable for modern cognitive architectures aimed at robot control. One such method is presented in this work and is studied within a special class of navigation task called smart relocation task. The method is based on the hierarchical two-level model of abstraction and knowledge representation, e.g. symbolic and subsymbolic. On the symbolic level sign world model is used for knowledge representation and hierarchical planning algorithm, MAP, is utilized for planning. On the subsymbolic level the task of path planning is considered and solved as a graph search problem. Interaction between both planners is examined and inter-level interfaces and feedback loops are described. Preliminary experimental results are presented.},
author = {Panov, Aleksandr I. and Yakovlev, Konstantin S.},
doi = {10.1016/j.procs.2016.07.414},
file = {:C$\backslash$:/Users/panov/Documents/Mendeley Desktop/Procedia Computer Science/Panov, Yakovlev/Panov, Yakovlev - 2016 - Psychologically Inspired Planning Method for Smart Relocation Task.pdf:pdf;:C$\backslash$:/Users/panov/Documents/Mendeley Desktop/Procedia Computer Science/Panov, Yakovlev/Panov, Yakovlev - 2016 - Psychologically Inspired Planning Method for Smart Relocation Task(2).pdf:pdf},
issn = {1877-0509},
journal = {Procedia Computer Science},
keywords = {16-11-00048,behavior planning,computer cognitive modeling,map,myconf,path planning,planner,scopus,sign world model,theory of activity,wos{\_}core},
mendeley-tags = {16-11-00048,myconf,scopus,wos{\_}core},
pages = {115--124},
title = {{Psychologically Inspired Planning Method for Smart Relocation Task}},
url = {http://www.sciencedirect.com/science/article/pii/S1877050916316702},
volume = {88},
year = {2016}
}
@article{Panov2015g,
abstract = {Рассматриваются особенности представления пространственных и временных знаний для планирования согласованного перемещения коалиции интеллектуальных агентов. В качестве примера подобной задачи рассмотрен перелет группы беспилотных летательных аппаратов в заданную область на местности с препятствиями. Рассматривается знаковый подход к описанию знаний агента, основанный на психологической теории деятельности и биологически правдоподобной иерархической модели распознавания. Особое внимание уделено описанию действий и процессам обучения на основе поступающей первичной информации.},
author = {Панов, А. И.},
file = {:C$\backslash$:/Users/panov/Documents/Mendeley Desktop/Робототехника и техническая кибернетика/Панов/Панов - 2015 - Представление знаний автономных агентов, планирующих согласованные перемещения.pdf:pdf;:C$\backslash$:/Users/panov/Documents/Mendeley Desktop/Робототехника и техническая кибернетика/Панов/Панов - 2015 - Представление знаний автономных агентов, планирующих согласованные перемещения.docx:docx},
journal = {Робототехника и техническая кибернетика},
keywords = {14-07-31194,elibrary,mypub,группа БПЛА,знак,иерархия автоматов,когнитивные процессы,представление знаний},
language = {russian},
mendeley-tags = {14-07-31194,elibrary,mypub},
number = {4(9)},
pages = {34--40},
title = {{Представление знаний автономных агентов, планирующих согласованные перемещения}},
url = {https://elibrary.ru/item.asp?id=25085187},
year = {2015}
}
@article{Makarov2015a,
abstract = {В работе рассмотрен ряд вопросов, возникающих в области автоматизации управления малыми беспилотными летательными аппаратами (БПЛА) мультироторного типа. Предложена совокупность методов планирования и управления, рассмотрена задача организации взаимодействия различных методов и алгоритмов (авторских и известных) в единую интеллектуальную систему управления БПЛА. Предлагается использование трех уровней управления – стратегического, тактического и реактивного, описывается соответствующая архитектура – STRL (от англ. strategic, tactical, reactive, layered). Использование этой архитектуры позволит автоматизировать управление коалициями БПЛА при решении широкого круга задач в различных средах.},
author = {Макаров, Д. А. and Панов, А. И. and Яковлев, К. С.},
file = {:C$\backslash$:/Users/panov/Documents/Mendeley Desktop/Искусственный интеллект и принятие решений/Макаров, Панов, Яковлев/Макаров, Панов, Яковлев - 2015 - Архитектура многоуровневой интеллектуальной системы управления беспилотными летательными аппаратами.pdf:pdf;:C$\backslash$:/Users/panov/Documents/Mendeley Desktop/Искусственный интеллект и принятие решений/Макаров, Панов, Яковлев/Макаров, Панов, Яковлев - 2015 - Архитектура многоуровневой интеллектуальной системы управления беспилотными летательными аппаратами.doc:doc},
journal = {Искусственный интеллект и принятие решений},
keywords = {14-11-00692,elibrary,mypub,vak,wos{\_}rsci,беспилотные летательные аппараты,знаковая картина мира,интеллектуальная система управления,многоуровневая архитектура,нелинейное управление,планирование траектории,уравнение Риккати},
language = {russian},
mendeley-tags = {14-11-00692,elibrary,mypub,vak,wos{\_}rsci},
number = {3},
pages = {18--33},
title = {{Архитектура многоуровневой интеллектуальной системы управления беспилотными летательными аппаратами}},
year = {2015}
}
@article{Kiselev2018a,
abstract = {В настоящей работе рассмотрена задача распределения ролей при составлении общего плана действий в коалиции когнитивных агентов. Когнитивные агенты реализуют основные функции интеллектуального агента с использованием моделей когнитивных функций человека. В качестве психологических оснований построения моделей когнитивных функций использованы теория деятельности и формальная модель знаковой картины мира. В работе представлен оригинальный метод распределения ролей – алгоритм MultiMAP, основанный на знаковом способе планирования поведения агента. Представлены основные особенности описываемого подхода, включающие способы представления знаний агента о себе и о других агентах, способы знаковой коммуникации и сохранения опыта кооперации с другими агентами. Описаны модельные эксперименты, демонстрирующие основные преимущества представленного подхода и некоторые недостатки, на устранение которых направлена будущая работа в данном направлении.},
author = {Киселев, Г. А. and Панов, А. И.},
doi = {10.15622/sp.57.7},
file = {:C$\backslash$:/Users/panov/Documents/Mendeley Desktop/Труды СПИИРАН/Киселев, Панов/Киселев, Панов - 2018 - Знаковый подход к задаче распределения ролей в коалиции когнитивных агентов.docx:docx;:C$\backslash$:/Users/panov/Documents/Mendeley Desktop/Труды СПИИРАН/Киселев, Панов/Киселев, Панов - 2018 - Знаковый подход к задаче распределения ролей в коалиции когнитивных агентов.pdf:pdf},
issn = {2078-9181},
journal = {Труды СПИИРАН},
keywords = {16-37-60055,frccsc,hse,mypub,vak},
language = {russian},
mendeley-tags = {16-37-60055,frccsc,hse,mypub,vak},
number = {2},
pages = {161--187},
title = {{Знаковый подход к задаче распределения ролей в коалиции когнитивных агентов}},
url = {http://proceedings.spiiras.nw.ru/ojs/index.php/sp/article/view/3665},
year = {2018}
}
@article{Panov2018a,
abstract = {В работе рассматривается знаковый подход к проблеме моделирования процесса целеполагания и его интеграции с методами синтеза плана поведения. На основе психологически правдоподобной модели знаковой картины мира когнитивного агента предложен алгоритм GoalMAP, который на основе формальной сетевой модели реализует итеративный процесс иерархического планирования с выделенным этапом постановки или выбора новой цели. Рассмотрена оценка сложности алгоритма планирования поведения, проведены модельные эксперименты с программной реализацией построенных алгоритмов, демонстрирующей ключевые особенности используемого подхода.},
author = {Панов, А. И.},
doi = {10.14357/20718594180202},
file = {:C$\backslash$:/Users/panov/Documents/Mendeley Desktop/Искусственный интеллект и принятие решений/Панов/Панов - 2018 - Целеполагание и синтез плана поведения когнитивным агентом.docx:docx;:C$\backslash$:/Users/panov/Documents/Mendeley Desktop/Искусственный интеллект и принятие решений/Панов/Панов - 2018 - Целеполагание и синтез плана поведения когнитивным агентом.pdf:pdf},
journal = {Искусственный интеллект и принятие решений},
keywords = {16-37-60055,17-07-00281,GoalMAP,elibrary,frccsc,mypub,vak,знак,знаковая картина мира,когнитивный агент,культурно-исторический подход,планирование,планирование поведения,теория деятельности,целеполагание},
language = {russian},
mendeley-tags = {16-37-60055,17-07-00281,elibrary,frccsc,mypub,vak},
number = {2},
pages = {21--35},
title = {{Целеполагание и синтез плана поведения когнитивным агентом}},
url = {http://aidt.ru/index.php?option=com{\_}content{\&}view=article{\&}id=796:a-i-panov-tselepolaganie-i-sintez-plana-povedeniya-kognitivnym-agentom{\&}catid=334:kognitivnoe-modelirovanie{\&}Itemid=204{\&}lang=ru https://elibrary.ru/item.asp?id=35125454},
year = {2018}
}
