Automatically generated by Mendeley Desktop 1.19.2
Any changes to this file will be lost if it is regenerated by Mendeley.

BibTeX export options can be customized via Options -> BibTeX in Mendeley Desktop

@article{Bonnet2015,
author = {Bonnet, Jonathan and Gleizes, Marie Pierre and Kaddoum, Elsy and Rainjonneau, Serge and Flandin, Gregory},
doi = {10.1109/SASO.2015.9},
file = {::},
isbn = {9781467375351},
issn = {19493681},
journal = {International Conference on Self-Adaptive and Self-Organizing Systems, SASO},
keywords = {adaptive multi-agent system,multisatellite,planning},
pages = {11--20},
title = {{Multi-satellite Mission Planning Using a Self-Adaptive Multi-agent System}},
volume = {2015-Octob},
year = {2015}
}
@article{Roy2005,
author = {Roy, D.},
doi = {10.1016/j.artint.2005.04.007},
file = {:C$\backslash$:/Users/panov/Documents/Mendeley Desktop/Artificial Intelligence/Roy/Roy - 2005 - Semiotic schemas A framework for grounding language in action and perception.pdf:pdf},
issn = {00043702},
journal = {Artificial Intelligence},
keywords = {1,action,and consequently our ability,and the physical world,cross-modal,embodied,grounding,language,language and meaning,meaning,multimodal,perception,representation,schemas,semiotic,semiotics,situated,the relationship between words,to},
mendeley-tags = {semiotics},
number = {1-2},
pages = {170--205},
title = {{Semiotic schemas: A framework for grounding language in action and perception}},
url = {http://linkinghub.elsevier.com/retrieve/pii/S0004370205001037},
volume = {167},
year = {2005}
}
@article{Schrodt2017,
author = {Schrodt, Fabian and Kneissler, Jan and Ehrenfeld, Stephan and Butz, Martin V.},
doi = {10.1111/tops.12252},
file = {:C$\backslash$:/Users/panov/Documents/Mendeley Desktop/Topics in Cognitive Science/Schrodt et al/Schrodt et al. - 2017 - Mario Becomes Cognitive.pdf:pdf},
issn = {17568757},
journal = {Topics in Cognitive Science},
keywords = {artificial intelligence,cognitive architecture,cognitive science and games,self-},
pages = {1--31},
title = {{Mario Becomes Cognitive}},
url = {http://doi.wiley.com/10.1111/tops.12252},
year = {2017}
}
