Automatically generated by Mendeley Desktop 1.19.2
Any changes to this file will be lost if it is regenerated by Mendeley.

BibTeX export options can be customized via Options -> BibTeX in Mendeley Desktop

@incollection{Kawato2009,
author = {Kawato, M.},
booktitle = {Encyclopedia of Neuroscience},
file = {:C$\backslash$:/Users/panov/Documents/Mendeley Desktop/Encyclopedia of Neuroscience/Kawato/Kawato - 2009 - Cerebellum Models.pdf:pdf},
pages = {757--767},
title = {{Cerebellum: Models}},
volume = {2},
year = {2009}
}
