Automatically generated by Mendeley Desktop 1.19.2
Any changes to this file will be lost if it is regenerated by Mendeley.

BibTeX export options can be customized via Options -> BibTeX in Mendeley Desktop

@inproceedings{Pacer2012,
abstract = {The categories named by spatial terms vary considerably across languages. It is often proposed that underlying this variation is a universal set of primitive spatial concepts that are combined differently in different languages. Despite the inherently cognitive assumptions of this proposal, such spatial primitives have generally been inferred in a top-down manner from linguistic data. Here we show that comparable spatial primitives can be inferred bottom-up from non-linguistic pile-sorting of spatial stimuli by speakers of English, Dutch, and Chichewa. We demonstrate that primitives obtained in this fashion explain meaningful cross-linguistic variation in spatial categories better than primitives designed by hand for that purpose, and reflect both universal and language-specific spatial semantics.},
author = {Pacer, M. and Carstensen, A. and Regier, T.},
booktitle = {Proceedings of the 34th Annual Meeting of the Cognitive Science Society},
file = {:C$\backslash$:/Users/panov/Documents/Mendeley Desktop/Proceedings of the 34th Annual Meeting of the Cognitive Science Society/Pacer, Carstensen, Regier/Pacer, Carstensen, Regier - 2012 - Grounding spatial language in non-linguistic cognition Evidence for univers.pdf:pdf},
isbn = {978-0-9768318-8-4},
keywords = {Language and thought,Linguistic relativity,Spatial cognition,semantic primitives,semantic universals},
pages = {827--832},
title = {{Grounding spatial language in non-linguistic cognition: Evidence for universal and relative spatial semantics in thought}},
year = {2012}
}
@incollection{Hois2008,
abstract = {We address the problem of relating natural language descriptions of spatial situations with spatial logical calculi, focusing on projective terms (orientations). We provide a formalism based on the theory of -connections that connects natural language and spatial calculi. Semantics of linguistic expressions are specified in a linguistically motivated ontology, the Generalized Upper Model. Spatial information is specified as qualitative spatial relationships, namely orientations from the double-cross calculus. This linguistic-spatial connection cannot be adequately formulated without certain contextual, domain-specific aspects. We therefore extend the framework of -connections twofold: (1) external descriptions narrow down the class of intended models, and (2) context-dependencies inherent in natural language descriptions feed back into the representation finite descriptions of necessary context information.},
author = {Hois, Joana and Kutz, Oliver},
booktitle = {Spatial Cognition VI},
doi = {10.1007/978-3-540-87601-4_20},
file = {:C$\backslash$:/Users/panov/Documents/Mendeley Desktop/Spatial Cognition VI/Hois, Kutz/Hois, Kutz - 2008 - Natural language meets spatial calculi.pdf:pdf},
isbn = {3540876006},
issn = {03029743},
keywords = {Ontologies,Spatial calculi,Spatial language,e-connections},
pages = {266--282},
publisher = {Springer},
series = {Lecture notes in Artificial Intelligence},
title = {{Natural language meets spatial calculi}},
year = {2008}
}
@article{Schultheis2011,
abstract = {Mental spatial knowledge processing often uses spatio-analogical or quasipictorial representation structures such as spatial mental models or mental images. The cognitive architecture Casimir is designed to provide a framework for computationally modeling human spatial knowledge processing relying on these kinds of representation formats. In this article, we present an overview of Casimir and its components. We briefly describe the long-term memory component and the interaction with external diagrammatic representations. Particular emphasis is placed on Casimir's working memory and control mechanisms. Regarding working memory, we describe the conceptual foundations and the processing mechanisms employed in mental spatial reasoning. With respect to control, we explain how it is realized as a distributed, emergent facility within Casimir.},
author = {Schultheis, Holger and Barkowsky, Thomas},
doi = {10.1111/j.1756-8765.2011.01151.x},
file = {:C$\backslash$:/Users/panov/Documents/Mendeley Desktop/Topics in Cognitive Science/Schultheis, Barkowsky/Schultheis, Barkowsky - 2011 - Casimir An architecture for mental spatial knowledge processing.pdf:pdf},
isbn = {17568757},
issn = {17568757},
journal = {Topics in Cognitive Science},
keywords = {Casimir,Cognitive architectures,Computational modeling,Mental imagery,Spatial mental models,Spatial reasoning},
number = {4},
pages = {778--795},
pmid = {25164510},
title = {{Casimir: An architecture for mental spatial knowledge processing}},
volume = {3},
year = {2011}
}
@article{Davtlat2013,
author = {Давлетбакова, З. Л.},
file = {:C$\backslash$:/Users/panov/Documents/Mendeley Desktop/Современные проблемы науки и образования/Давлетбакова/Давлетбакова - 2013 - Построение модели обработки пространственной информации на основе методов нечеткой логики.pdf:pdf},
journal = {Современные проблемы науки и образования},
keywords = {fuzzy inference,fuzzy logic,geographic information systems,objects,planning,spatial description of,the problem of territorial},
language = {russian},
number = {6},
pages = {1--8},
title = {{Построение модели обработки пространственной информации на основе методов нечеткой логики}},
year = {2013}
}
@article{Landsiedel2017,
author = {Landsiedel, C. and Rieser, V. and Walter, M. and Wollherr, D.},
doi = {10.1080/01691864.2016.1277554},
file = {:C$\backslash$:/Users/panov/Documents/Mendeley Desktop/Advanced Robotics/Landsiedel et al/Landsiedel et al. - 2017 - A review of spatial reasoning and interaction for real-world robotics.pdf:pdf},
issn = {0169-1864},
journal = {Advanced Robotics},
keywords = {interaction,natural,robot,situated human},
pages = {1--21},
publisher = {Taylor {\&} Francis},
title = {{A review of spatial reasoning and interaction for real-world robotics}},
url = {https://www.tandfonline.com/doi/full/10.1080/01691864.2016.1277554},
volume = {1864},
year = {2017}
}
@article{2010a,
abstract = {Проанализирована эволюция поколений роботов, сформулированы требования к роботам четвертого поколения как когнитивным агентам. Показано, что важнейшим качеством когнитивного агента является ситуативное гранулирование информации, необходимое для работы в условиях неопределенности. В контексте построения пространственных гранул введена статическая пространственная логика для моделирования взаимодействия робота с внешней средой. Исследованы варианты распространения нечетких лингвистических ограничений в задачах анализа про- странственной ситуации.},
author = {Калуцкая, А. П. and Тарасов, В. Б.},
file = {:C$\backslash$:/Users/panov/Documents/Mendeley Desktop/Программные продукты и системы/Калуцкая, Тарасов/Калуцкая, Тарасов - 2010 - Моделирование взаимодействия робота с внешней средой на основе пространственных логик и распространения огран.pdf:pdf;:C$\backslash$:/Users/panov/Documents/Mendeley Desktop/Программные продукты и системы/Калуцкая, Тарасов/Калуцкая, Тарасов - 2010 - Моделирование взаимодействия робота с внешней средой на основе пространственных логик и распространения огран.pdf:pdf},
journal = {Программные продукты и системы},
keywords = {автономный агент,взаимодействие агента со средой,зические логики,когнитивный робот,логики расстояний и направлений,обобщенные ограничения,пространственные логики,псевдофи-,среда},
language = {russian},
number = {2},
pages = {111--115},
title = {{Моделирование взаимодействия робота с внешней средой на основе пространственных логик и распространения ограничений}},
year = {2010}
}
@book{Hegarty2014,
editor = {Freksa, Christian and Nebel, Bernhard and Hegarty, Mary and Barkowsky, Thomas},
file = {:C$\backslash$:/Users/panov/Documents/Mendeley Desktop/Unknown/Unknown/Unknown - 2014 - Spatial Cognition IX.pdf:pdf},
isbn = {9783319112145},
pages = {406},
publisher = {Springer International Publishing},
series = {Lecture Notes in Computer Science},
title = {{Spatial Cognition IX}},
year = {2014}
}
