Automatically generated by Mendeley Desktop 1.17.13
Any changes to this file will be lost if it is regenerated by Mendeley.

BibTeX export options can be customized via Options -> BibTeX in Mendeley Desktop

@book{Bollen1989,
abstract = {In multiple regression or Anova we learn that the regression coefficients or the error variance estimates derive form the minimization of the sum of squeared differneces of the predicted and observed dependent variable of each case. Residual analyses may display discrepancies between fitted and observed values for every member of the sample. SEM is based on covariances. Reproduce the sample covariances. Lantent variables Examples: biological species (not always directly measurable), deseases in medicin (observe symptoms), time and space (see reletivity theory). P{\aa} omr{\aa}der hvor lite er kjent kan EFA v{\ae}re verdifull og foresl{\aa} unerliggende m{\o}nstre i data. Hvis derimot hypoteser foreligger om underliggende m{\o}nstre, kan EFA frustrate tests (viser her til eksempel med {\aa}tte ledd for en politisk holdning, fire m{\aa}lt p{\aa} ett tidspunkt, fire p{\aa} et annet.) Problem med EFA: sett med ledd for holdning p{\aa} to tidspunkt vil gi {\'{e}}n faktor... Men glidende overgang EFA til CFA: antall faktorer kan v{\ae}re bestemt p{\aa} forh{\aa}nd i EFA. Men EFA brukes for {\aa} identifisere antall faktorer. Selv n{\aa}r antall faktorer er definert p{\aa} forh{\aa}nd i EFA, har man tvetydighet (s. 230f). Begge faktorer vil korrelere med alle ledd (ogs{\aa} n{\aa}r ledd m{\aa}lt p{\aa} ulike tidspunkter, som i eksempel her). 1. EFA tillater ikke at noen faktorladniner er satt til 0. 2. EFA tillater ikke at m{\aa}lefeil er korrelert (viktig hvis for eksempel ved gjentatte m{\aa}liner eller fordi m{\aa}l kommer fra samme kilde). 3. Ved bruk av flere faktorer forutsetter EFA at alle faktorer enten er korrelert eller ikke er korrelert. Hvor realistisk er det?},
author = {Bollen, Kenneth A.},
file = {:C$\backslash$:/Users/sanek/Documents/Mendeley Desktop/Bollen/1989/Structural equations with latent variables.pdf:pdf},
pages = {528},
publisher = {Wiley},
title = {{Structural equations with latent variables}},
year = {1989}
}
@book{Kline2015,
author = {Kline, Rex B.},
edition = {4th},
file = {:C$\backslash$:/Users/sanek/Documents/Mendeley Desktop/Kline/2015/Principles and practices of structural equation modelling.pdf:pdf},
isbn = {9781609182304},
pages = {554},
publisher = {The Guilford Press},
title = {{Principles and practices of structural equation modelling}},
year = {2015}
}
@incollection{1995,
author = {Стейджер, Джеймс},
booktitle = {STATISTICA},
file = {:C$\backslash$:/Users/sanek/Documents/Mendeley Desktop/Стейджер/1995/Моделирование структурными уравнениями.PDF:PDF},
pages = {3535--3698},
title = {{Моделирование структурными уравнениями}},
year = {1995}
}
@book{Loehlin2017,
author = {Loehlin, John C. and Beaujean, A. Alexander},
editor = {5th},
file = {:C$\backslash$:/Users/sanek/Documents/Mendeley Desktop/Loehlin, Beaujean/2017/Latent Variable Models An Introduction to Factor, Path, and Structural Equation Analysis.pdf:pdf},
isbn = {978-1-315-64319-9},
pages = {376},
publisher = {Taylor {\&} Francis},
title = {{Latent Variable Models: An Introduction to Factor, Path, and Structural Equation Analysis}},
year = {2017}
}
