Automatically generated by Mendeley Desktop 1.19.2
Any changes to this file will be lost if it is regenerated by Mendeley.

BibTeX export options can be customized via Options -> BibTeX in Mendeley Desktop

@article{Kaufman2000,
author = {Kaufman, Kenneth A. and Michalski, Ryszard S.},
file = {:C$\backslash$:/Users/panov/Documents/Mendeley Desktop/Journal of Intelligent Information Systems/Kaufman, Michalski/Kaufman, Michalski - 2000 - An Adjustable Description Quality Measure for Pattern Discovery in Large Databases Using the AQ Methodology.pdf:pdf},
journal = {Journal of Intelligent Information Systems},
keywords = {aq learning,data mining,decision rules,learning from noisy data,machine learning,natural induction,separate and conquer},
pages = {199--216},
title = {{An Adjustable Description Quality Measure for Pattern Discovery in Large Databases Using the AQ Methodology}},
volume = {14},
year = {2000}
}
@incollection{Martis2014a,
abstract = {Successful application of machine learning in healthcare requires accuracy, transparency, acceptability, ability to deal with complex data, ability to deal with background knowledge, efficiency, and exportability. Rule learning is known to satisfy the above criteria. This chapter introduces rule learning in healthcare, presents very expressive attributional rules, briefly describes the AQ21 rule learning system, and discusses three application areas in healthcare and health services research.},
author = {Wojtusiak, Janusz},
booktitle = {Machine Learning in Healthcare Informatics},
doi = {10.1007/978-3-642-40017-9},
editor = {Dua, Sumeet and Acharya, U. Rajendra and Dua, Prerna},
file = {:C$\backslash$:/Users/panov/Documents/Mendeley Desktop/Machine Learning in Healthcare Informatics/Wojtusiak/Wojtusiak - 2014 - Rule Learning in Healthcare and Health Services Research.pdf:pdf},
isbn = {978-3-642-40016-2},
keywords = {aq21 system health services,billing data,research aggregated data healthcare,rule learning attributional calculus},
pages = {131--145},
series = {Intelligent Systems Reference Library},
title = {{Rule Learning in Healthcare and Health Services Research}},
url = {http://link.springer.com/10.1007/978-3-642-40017-9},
year = {2014}
}
@techreport{Michalski1975a,
author = {Michalski, Ryszard S. and Larson, James},
file = {:C$\backslash$:/Users/panov/Documents/Mendeley Desktop/Unknown/Michalski, Larson/Michalski, Larson - 1975 - AQVAL1 (AQ7) User's Guide and Program Description.pdf:pdf},
institution = {University of Illinois},
pages = {94},
title = {{AQVAL/1 (AQ7) User's Guide and Program Description}},
year = {1975}
}
@techreport{Michalski1979,
author = {Michalski, Ryszard S.},
file = {:C$\backslash$:/Users/panov/Documents/Mendeley Desktop/Unknown/Michalski/Michalski - 1979 - Detection of Conceptual Patterns Through Inductive Inference.pdf:pdf},
pages = {45},
title = {{Detection of Conceptual Patterns Through Inductive Inference}},
year = {1979}
}
@inproceedings{Maloof,
author = {Maloof, Marcus A. and Michalski, Ryszard S.},
booktitle = {Proceedings of the Intelligent Information Systems Workshop},
file = {:C$\backslash$:/Users/panov/Documents/Mendeley Desktop/Proceedings of the Intelligent Information Systems Workshop/Maloof, Michalski/Maloof, Michalski - 1999 - AQ-PM A System for Partial Memory Learning.pdf:pdf},
pages = {70--79},
title = {{AQ-PM: A System for Partial Memory Learning}},
year = {1999}
}
@incollection{Michalski2001,
author = {Michalski, Ryszard S. and Kaufman, Kenneth A.},
booktitle = {Machine Learning and Its Applications},
editor = {Paliouras, Georgios and Karkaletsis, Vangelis and Spyropoulos, Constantine D.},
file = {:C$\backslash$:/Users/panov/Documents/Mendeley Desktop/Machine Learning and Its Applications/Michalski, Kaufman/Michalski, Kaufman - 2001 - Learning Patterns in Noisy Data The AQ Approach.pdf:pdf},
pages = {22--38},
publisher = {Springer-Verlag},
title = {{Learning Patterns in Noisy Data : The AQ Approach}},
year = {2001}
}
@inproceedings{Michalski1969,
author = {Michalski, Ryszard S.},
booktitle = {Proceedings of the V International Symposium on Information Processing (FCIP 69)},
file = {:C$\backslash$:/Users/panov/Documents/Mendeley Desktop/Proceedings of the V International Symposium on Information Processing (FCIP 69)/Michalski/Michalski - 1969 - On the Quasi-Minimal Solution of the General Covering Problem.pdf:pdf},
pages = {125--128},
title = {{On the Quasi-Minimal Solution of the General Covering Problem}},
year = {1969}
}
@techreport{Kaufman1999,
author = {Kaufman, Kenneth A. and Michalski, Ryszard S.},
file = {:C$\backslash$:/Users/panov/Documents/Mendeley Desktop/Unknown/Kaufman, Michalski/Kaufman, Michalski - 1999 - Learning in an inconsistent world.pdf:pdf},
institution = {George Mason University},
pages = {19},
title = {{Learning in an inconsistent world}},
year = {1999}
}
@techreport{Wojtusiak2006,
author = {Wojtusiak, Janusz and Michalski, Ryszard S. and Kaufman, Kenneth A. and Pietrzykowski, Jaroslaw},
file = {:C$\backslash$:/Users/panov/Documents/Mendeley Desktop/Unknown/Wojtusiak et al/Wojtusiak et al. - 2006 - Multitype Pattern Discovery via AQ21. A Brief Description of the Method and Its Novel Features.pdf:pdf},
pages = {1--25},
title = {{Multitype Pattern Discovery via AQ21. A Brief Description of the Method and Its Novel Features}},
year = {2006}
}
@inproceedings{Dietterich1983,
author = {Dietterich, Tom and Michalski, Ryszard S.},
booktitle = {Proceedings of the International Machine Learning Workshop},
file = {:C$\backslash$:/Users/panov/Documents/Mendeley Desktop/Proceedings of the International Machine Learning Workshop/Dietterich, Michalski/Dietterich, Michalski - 1983 - Discovering Patterns in Seuences of Objects.pdf:pdf},
pages = {41--57},
title = {{Discovering Patterns in Seuences of Objects}},
year = {1983}
}
@inproceedings{Michalski1973,
author = {Michalski, Ryszard S.},
booktitle = {Proceeding of the First International Joint Conference on Artificial Intelligence (IJCAI'73)},
file = {:C$\backslash$:/Users/panov/Documents/Mendeley Desktop/Proceeding of the First International Joint Conference on Artificial Intelligence (IJCAI'73)/Michalski/Michalski - 1973 - AQVAL1 - Computer Implementation of a Variable-Valued Logic System VL1 and Examples of.pdf:pdf},
pages = {3--17},
title = {{AQVAL/1 - Computer Implementation of a Variable-Valued Logic System VL1 and Examples of its Application to Pattern Recognition}},
year = {1973}
}
@inproceedings{Molodchenkov2010,
address = {Рыбинск},
author = {Молдоченков, А. И.},
booktitle = {Теория и практика системного анализа: Труды I Всероссийской научной конференции молодых учёных с международным участием},
file = {:C$\backslash$:/Users/panov/Documents/Mendeley Desktop/Теория и практика системного анализа Труды I Всероссийской научной конференции молодых учёных с международным участием/Молдоченков/Молдоченков - 2010 - Применение AQ-алгоритма для персонификации лечебно-диагн.pdf:pdf},
language = {russian},
pages = {79--84},
publisher = {РГАТА им. Соловьева},
title = {{Применение AQ-алгоритма для персонификации лечебно-диагностических процессов}},
year = {2010}
}
@techreport{Michalski1991,
author = {Michalski, Ryszard S. and Kaufman, Kenneth A. and Wnek, J.},
file = {:C$\backslash$:/Users/panov/Documents/Mendeley Desktop/Unknown/Michalski, Kaufman, Wnek/Michalski, Kaufman, Wnek - 1991 - The AQ Family of Learning Programs A Review of Recent Developments and an Exemplary Application.pdf:pdf},
institution = {George Mason University},
pages = {34},
title = {{The AQ Family of Learning Programs: A Review of Recent Developments and an Exemplary Application}},
year = {1991}
}
@techreport{Michalski2005,
author = {Michalski, Ryszard S. and Wojtusiak, Janusz},
file = {:C$\backslash$:/Users/panov/Documents/Mendeley Desktop/Unknown/Michalski, Wojtusiak/Michalski, Wojtusiak - 2005 - Reasoning with Meta-values in AQ Learning.pdf:pdf},
institution = {George Mason University},
pages = {24},
title = {{Reasoning with Meta-values in AQ Learning}},
year = {2005}
}
@article{Cervone2010,
author = {Cervone, Guido and Franzese, Pasquale and Keesee, Allen P. K.},
doi = {10.1002/wics.78},
file = {:C$\backslash$:/Users/panov/Documents/Mendeley Desktop/Wiley Interdisciplinary Reviews Computational Statistics/Cervone, Franzese, Keesee/Cervone, Franzese, Keesee - 2010 - Algorithm quasi-optimal (AQ) learning.pdf:pdf},
issn = {19395108},
journal = {Wiley Interdisciplinary Reviews: Computational Statistics},
number = {2},
pages = {218--236},
title = {{Algorithm quasi-optimal (AQ) learning}},
url = {http://doi.wiley.com/10.1002/wics.78},
volume = {2},
year = {2010}
}
@techreport{Michalski2004,
author = {Michalski, Ryszard S.},
file = {:C$\backslash$:/Users/panov/Documents/Mendeley Desktop/Unknown/Michalski/Michalski - 2004 - Generating Alternative Hypotheses in AQ Le.pdf:pdf},
institution = {Gerge Mason university},
pages = {14},
title = {{Generating Alternative Hypotheses in AQ Le}},
year = {2004}
}
@techreport{Michalski2007a,
author = {Michalski, Ryszard S. and Wojtusiak, Janusz},
file = {:C$\backslash$:/Users/panov/Documents/Mendeley Desktop/Unknown/Michalski, Wojtusiak/Michalski, Wojtusiak - 2007 - Semantic and Syntactic Attribute Types in AQ Learning.pdf:pdf},
institution = {George Mason University},
keywords = {AQ learning,Attribute types,Machine learning,Na},
pages = {15},
title = {{Semantic and Syntactic Attribute Types in AQ Learning}},
year = {2007}
}
@techreport{Furnkranz1996,
author = {Furnkranz, Johannes},
file = {:C$\backslash$:/Users/panov/Documents/Mendeley Desktop/Unknown/Furnkranz/Furnkranz - 1996 - Separate-and-Conquer Rule Learning.pdf:pdf},
institution = {Austrian Research Institute for Artificial Intelligence},
pages = {1--46},
title = {{Separate-and-Conquer Rule Learning}},
year = {1996}
}
@techreport{Maloof1994,
author = {Maloof, Marcus A. and Michalski, Ryszard S.},
file = {:C$\backslash$:/Users/panov/Documents/Mendeley Desktop/Unknown/Maloof, Michalski/Maloof, Michalski - 1994 - Learning Descriptions of 2D Blob-Like Shapes for Object Recognition in X-Ray Images An Initial Study.pdf:pdf},
keywords = {concept learning,machine learning,machine vision,shape recognition},
number = {August},
pages = {14},
title = {{Learning Descriptions of 2D Blob-Like Shapes for Object Recognition in X-Ray Images: An Initial Study}},
year = {1994}
}
@techreport{Michalski1978,
author = {Michalski, Ryszard S.},
file = {:C$\backslash$:/Users/panov/Documents/Mendeley Desktop/Unknown/Michalski/Michalski - 1978 - Pattern Recognition as Knowledge-Guided Computer Induction.pdf:pdf},
institution = {University of Illinois},
pages = {44},
title = {{Pattern Recognition as Knowledge-Guided Computer Induction}},
year = {1978}
}
@techreport{Wnek1991,
author = {Wnek, J. and Michalski, Ryszard S.},
file = {:C$\backslash$:/Users/panov/Documents/Mendeley Desktop/Unknown/Wnek, Michalski/Wnek, Michalski - 1991 - Hypothesis-Driven Constructive Induction in AQ17 a Method and Experiments.pdf:pdf},
institution = {George Mason University},
pages = {17},
title = {{Hypothesis-Driven Constructive Induction in AQ17: a Method and Experiments}},
year = {1991}
}
@incollection{Wojtusiak2006a,
author = {Wojtusiak, Janusz and Michalski, Ryszard S.},
booktitle = {Intelligent Information Processing and Web Mining},
editor = {Klopotek, Mieczys{\l}aw A. and Wierzchon, S{\l}awomir T. and Trojanowski, Krzysztof},
file = {:C$\backslash$:/Users/panov/Documents/Mendeley Desktop/Intelligent Information Processing and Web Mining/Wojtusiak, Michalski/Wojtusiak, Michalski - 2006 - The Use of Compound Attributes in AQ Learning.pdf:pdf},
pages = {189--198},
publisher = {Springer-Verlag},
title = {{The Use of Compound Attributes in AQ Learning}},
year = {2006}
}
@inproceedings{Fayyad1993,
author = {Fayyad, Usama M. and Irani, Keki B.},
booktitle = {IJCAI 1993},
file = {:C$\backslash$:/Users/panov/Documents/Mendeley Desktop/IJCAI 1993/Fayyad, Irani/Fayyad, Irani - 1993 - Multi-Interval Discretization of Continuous-Valued Attributes for Classigication Learning.pdf:pdf},
pages = {1022--1027},
title = {{Multi-Interval Discretization of Continuous-Valued Attributes for Classigication Learning}},
year = {1993}
}
@techreport{Michalski1986,
author = {Michalski, Ryszard S. and Mozetic, I. and Hong, J.},
file = {:C$\backslash$:/Users/panov/Documents/Mendeley Desktop/Unknown/Michalski, Mozetic, Hong/Michalski, Mozetic, Hong - 1986 - The AQ15 Inductive Learning System an Overview and Experiments.pdf:pdf},
institution = {University of Illinois},
pages = {36},
title = {{The AQ15 Inductive Learning System: an Overview and Experiments}},
year = {1986}
}
