Automatically generated by Mendeley Desktop 1.19.2
Any changes to this file will be lost if it is regenerated by Mendeley.

BibTeX export options can be customized via Options -> BibTeX in Mendeley Desktop

@phdthesis{Shshkin2010,
author = {Шашкин, Леонид Олегович},
file = {:C$\backslash$:/Users/panov/Documents/Mendeley Desktop/Unknown/Шашкин/Шашкин - 2010 - Приближенные средства установления сходств для ДСМ-метода автоматического порождения гипотез.pdf:pdf},
language = {russian},
pages = {26},
school = {Российский государственный гуманитарный университет},
title = {{Приближенные средства установления сходств для ДСМ-метода автоматического порождения гипотез}},
year = {2010}
}
@article{Finn2014,
author = {Финн, В. К.},
file = {:C$\backslash$:/Users/panov/Documents/Mendeley Desktop/Вопросы философии/Финн/Финн - 2014 - Эпистемологические принципы порождения гипотез.pdf:pdf},
journal = {Вопросы философии},
keywords = {2014 г,abduction,analogy,dsm-,dsm-reasoning,induction,method formalisms,natural-scientifi c problem of,the problem of induction,к,финн в},
language = {russian},
number = {2},
pages = {83--96},
title = {{Эпистемологические принципы порождения гипотез}},
year = {2014}
}
@phdthesis{Volkova2014,
author = {Волкова, А. Ю.},
file = {:C$\backslash$:/Users/panov/Documents/Mendeley Desktop/Unknown/Волкова/Волкова - 2014 - Разработка алгоритмических и программных средств для реализации стратегий ДСМ-метода автоматического порождения гипотез.pdf:pdf},
language = {russian},
pages = {305},
school = {Российский государственный гуманитарный университет},
title = {{Разработка алгоритмических и программных средств для реализации стратегий ДСМ-метода автоматического порождения гипотез}},
year = {2014}
}
@phdthesis{Kozhuhova2009,
author = {Кожунова, О. С.},
file = {:C$\backslash$:/Users/panov/Documents/Mendeley Desktop/Unknown/Кожунова/Кожунова - 2009 - Технология разработки семантического словаря системы информационного мониторинга.pdf:pdf},
language = {russian},
pages = {21},
school = {Институт проблем информатики},
title = {{Технология разработки семантического словаря системы информационного мониторинга}},
year = {2009}
}
@article{1996,
author = {Григорьев, П. А.},
file = {:C$\backslash$:/Users/panov/Documents/Mendeley Desktop/Научно-техническая информация. Сер. 2. Информационные процессы и системы/Григорьев/Григорьев - 1996 - Sword-системы или ДСМ-системы для цепочек, использующих статистические соображения.pdf:pdf},
journal = {Научно-техническая информация. Сер. 2. Информационные процессы и системы},
number = {5-6},
pages = {45--51},
title = {{Sword-системы или ДСМ-системы для цепочек, использующих статистические соображения}},
year = {1996}
}
@article{Finn2010c,
author = {Финн, В. К.},
file = {:C$\backslash$:/Users/panov/Documents/Mendeley Desktop/Искусственный интеллект и принятие решений/Финн/Финн - 2010 - Индуктивные методы Д . С . Милля в системах искусственного интеллекта. Часть I.pdf:pdf},
journal = {Искусственный интеллект и принятие решений},
language = {russian},
number = {3},
pages = {3--21},
title = {{Индуктивные методы Д . С . Милля в системах искусственного интеллекта. Часть I}},
year = {2010}
}
@article{1999,
author = {Кузнецов, С. О.},
file = {:C$\backslash$:/Users/panov/Documents/Mendeley Desktop/Научно-техническая информация. сер. 2. Информационные процессы и системы/Кузнецов/Кузнецов - 1999 - О некоторых вопросах анализа понятий.pdf:pdf},
journal = {Научно-техническая информация. сер. 2. Информационные процессы и системы},
language = {russian},
number = {1-2},
pages = {57--61},
title = {{О некоторых вопросах анализа понятий}},
year = {1999}
}
@article{Zabezhailo2014a,
author = {Забежайло, М. И.},
file = {:C$\backslash$:/Users/panov/Documents/Mendeley Desktop/Искусственный интеллект и принятие решений/Забежайло/Забежайло - 2014 - О некоторых возможностях управления перебором в ДСМ - методе. Часть II.pdf:pdf},
journal = {Искусственный интеллект и принятие решений},
language = {russian},
number = {2},
pages = {3--18},
title = {{О некоторых возможностях управления перебором в ДСМ - методе. Часть II}},
year = {2014}
}
@article{Finn1988,
author = {Финн, В. К.},
file = {:C$\backslash$:/Users/panov/Documents/Mendeley Desktop/Итоги науки и техники. Серия Теория вероятностей Математическая стататистика Теоретическая кибернетика/Финн/Финн - 1988 - Правдоподобные выводы и правдоподобные рассуждения.pdf:pdf;:C$\backslash$:/Users/panov/Documents/Mendeley Desktop/Итоги науки и техники. Серия Теория вероятностей Математическая стататистика Теоретическая кибернетика/Финн/Финн - 1988 - Правдоподобные выводы и правдоподобные рассуждения(2).pdf:pdf},
journal = {Итоги науки и техники. Серия: Теория вероятностей Математическая стататистика Теоретическая кибернетика},
language = {russian},
pages = {3--84},
title = {{Правдоподобные выводы и правдоподобные рассуждения}},
volume = {28},
year = {1988}
}
@article{1999a,
author = {Объедков, С. А.},
file = {:C$\backslash$:/Users/panov/Documents/Mendeley Desktop/Научно-техническая информация. сер. 2. Информационные процессы и системы/Объедков/Объедков - 1999 - Алгоритмические аспекты ДСМ-метода автоматического порождения гипотез.pdf:pdf;:C$\backslash$:/Users/panov/Documents/Mendeley Desktop/Научно-техническая информация. сер. 2. Информационные процессы и системы/Объедков/Объедков - 1999 - Алгоритмические аспекты ДСМ-метода автоматического порождения гипотез.pdf:pdf},
journal = {Научно-техническая информация. сер. 2. Информационные процессы и системы},
language = {russian},
number = {1-2},
pages = {64--75},
title = {{Алгоритмические аспекты ДСМ-метода автоматического порождения гипотез}},
volume = {1-2},
year = {1999}
}
@article{Finn2010a,
author = {Финн, В. К.},
file = {:C$\backslash$:/Users/panov/Documents/Mendeley Desktop/Искусственный интеллект и принятие решений/Финн/Финн - 2010 - Об определении эмпирических закономерностей посредством ДСМ - метода автоматического порождения гипотез.pdf:pdf},
journal = {Искусственный интеллект и принятие решений},
language = {russian},
number = {4},
pages = {41--48},
title = {{Об определении эмпирических закономерностей посредством ДСМ - метода автоматического порождения гипотез}},
year = {2010}
}
@article{Finn2010b,
author = {Финн, В. К.},
file = {:C$\backslash$:/Users/panov/Documents/Mendeley Desktop/Искусственный интеллект и принятие решений/Финн/Финн - 2010 - Индуктивные методы Д . С . Милля в системах искусственного интеллекта. Часть II.pdf:pdf},
journal = {Искусственный интеллект и принятие решений},
language = {russian},
number = {4},
pages = {14--40},
title = {{Индуктивные методы Д . С . Милля в системах искусственного интеллекта. Часть II}},
year = {2010}
}
