Automatically generated by Mendeley Desktop 1.19.2
Any changes to this file will be lost if it is regenerated by Mendeley.

BibTeX export options can be customized via Options -> BibTeX in Mendeley Desktop

@inproceedings{Kononenko1995,
author = {Kononenko, Igor},
booktitle = {IJCAI'95 Proceedings of the 14th international joint conference on Artificial intelligence - Volume 2},
file = {:C$\backslash$:/Users/panov/Documents/Mendeley Desktop/IJCAI'95 Proceedings of the 14th international joint conference on Artificial intelligence - Volume 2/Kononenko/Kononenko - 1995 - On Biases in Estimating Multi-Valued Attributes.pdf:pdf},
pages = {1034--1040},
title = {{On Biases in Estimating Multi-Valued Attributes}},
year = {1995}
}
@inproceedings{Pongaksorn2009,
author = {Pongaksorn, Prachya and Rakthanmanon, Thanawin and Waiyamai, Kitsana},
booktitle = {Proceedings of the International Conference on Quality issues, measures of interstingness and evaluation of Data minig model (QIMIE)},
editor = {Garcia, Salvador and Luengo, Julian and Herrera, Francisco},
file = {:C$\backslash$:/Users/panov/Documents/Mendeley Desktop/Proceedings of the International Conference on Quality issues, measures of interstingness and evaluation of Data minig model (QIMIE)/Pongaksorn, Rakthanmanon, Waiyamai/Pongaksorn, Rakthanmanon, Waiyamai - 200.pdf:pdf},
keywords = {classification,continuous feature,data mining,discretization},
pages = {17--28},
publisher = {Springer-Verlag},
title = {{DCR : Discretization using Class Information to Reduce Number of Intervals}},
year = {2009}
}
@inproceedings{Kerber1992,
author = {Kerber, Randy},
booktitle = {AAAI-92 Proceedings},
file = {:C$\backslash$:/Users/panov/Documents/Mendeley Desktop/AAAI-92 Proceedings/Kerber/Kerber - 1992 - ChiMerge Discretization of Numeric Attributes.pdf:pdf},
pages = {123--128},
title = {{ChiMerge: Discretization of Numeric Attributes}},
year = {1992}
}
@inproceedings{Fayyad1993,
author = {Fayyad, Usama M. and Irani, Keki B.},
booktitle = {IJCAI 1993},
file = {:C$\backslash$:/Users/panov/Documents/Mendeley Desktop/IJCAI 1993/Fayyad, Irani/Fayyad, Irani - 1993 - Multi-Interval Discretization of Continuous-Valued Attributes for Classigication Learning.pdf:pdf},
pages = {1022--1027},
title = {{Multi-Interval Discretization of Continuous-Valued Attributes for Classigication Learning}},
year = {1993}
}
