Automatically generated by Mendeley Desktop 1.19.2
Any changes to this file will be lost if it is regenerated by Mendeley.

BibTeX export options can be customized via Options -> BibTeX in Mendeley Desktop

@book{2004a,
address = {М.},
author = {Ломазова, И. А.},
doi = {10.13140/2.1.1843.9048},
file = {:C$\backslash$:/Users/panov/Documents/Mendeley Desktop/Unknown/Ломазова/Ломазова - 2004 - Вложенные сети Петри моделирование и анализ распределенных систем с объектной структурой ( In Russian ).pdf:pdf},
isbn = {5891762471},
pages = {208},
publisher = {Научный мир},
title = {{Вложенные сети Петри : моделирование и анализ распределенных систем с объектной структурой ( In Russian )}},
year = {2004}
}
