Automatically generated by Mendeley Desktop 1.19.2
Any changes to this file will be lost if it is regenerated by Mendeley.

BibTeX export options can be customized via Options -> BibTeX in Mendeley Desktop

@article{Gorodotsky2015,
author = {Городецкий, В. И. and Самойлов, В. В. and Троцкий, Д. В.},
doi = {10.7868/S0002338815030087},
file = {:C$\backslash$:/Users/panov/Documents/Mendeley Desktop/Известия РАН. Теория и системы управления/Городецкий, Самойлов, Троцкий/Городецкий, Самойлов, Троцкий - 2015 - Базовая онтология коллективного поведения автономных агентов и ее расширения.pdf:pdf},
isbn = {0002338815},
issn = {0002-3388},
journal = {Известия РАН. Теория и системы управления},
language = {russian},
number = {5},
pages = {102--121},
title = {{Базовая онтология коллективного поведения автономных агентов и ее расширения}},
url = {http://elibrary.ru/item.asp?doi=10.7868/S0002338815030087},
year = {2015}
}
@article{Pechoucek2002,
author = {Pechoucek, Michal and Marik, Vladimir and Barta, Jaroslav},
file = {:C$\backslash$:/Users/panov/Documents/Mendeley Desktop/IEEE Intelligent Systems/Pechoucek, Marik, Barta/Pechoucek, Marik, Barta - 2002 - A Knowledge-Based Approach to Coalition Formation.pdf:pdf},
journal = {IEEE Intelligent Systems},
number = {3},
pages = {17--25},
title = {{A Knowledge-Based Approach to Coalition Formation}},
volume = {17},
year = {2002}
}
