Automatically generated by Mendeley Desktop 1.17.13
Any changes to this file will be lost if it is regenerated by Mendeley.

BibTeX export options can be customized via Options -> BibTeX in Mendeley Desktop

@incollection{Panov2010a,
abstract = {В работе предлагается новый подход к обработке психологических данных, в основе которого лежат два метода интеллектуального анализа данных – метод AQ-покрытий и ДСМ-метод. На основе этого подхода реализован алгоритм, предназначенный для выявления причинно- следственных связей. Описано применение алгоритма в эксперименте и представлены его преимущества по сравнению со статистической обработкой.},
address = {М.},
author = {Панов, А. И.},
booktitle = {Экспериментальная психология в России: традиции и перспективы},
editor = {Барабанщиков, В. А.},
file = {:C$\backslash$:/Users/sanek/Documents/Mendeley Desktop/Панов/2010/Применение методов искусственного интеллекта в обработке психологических данных.pdf:pdf},
keywords = {07-06-80159,09-07-12128,AQ-покрытия,myconf,ДСМ-метод,интеллектуальный анализ данных,причинно-следственные связи},
language = {russian},
mendeley-tags = {07-06-80159,09-07-12128,myconf},
pages = {153--159},
publisher = {Институт психологии РАН},
title = {{Применение методов искусственного интеллекта в обработке психологических данных}},
year = {2010}
}
@inproceedings{Panov2012c,
abstract = {В работе представлена архитектура интеллектуального агента, поведение которого моделирует процесс принятия решения специалистом в некоторой предметной области. Знания агента хранятся в знаковой форме, коммуникации агентов между собой осуществляются с помощью знакового опосредования. Описывается система проведения экспериментов с такими интеллектуальными агентами, реализованная на основе мультиагентной системы Jadex. Также представлен анализ данных серии экспермиентов, проведенных в построенной системе для интеллектуальных агентов, моделирующих процесс интерпретации жалоб психологом-консультантом.},
address = {Рыбинск},
author = {Панов, А. И.},
booktitle = {Теория и практика системного анализа: Труды II Всероссийской научной конференции молодых учёных с международным участием},
file = {:C$\backslash$:/Users/sanek/Documents/Mendeley Desktop/Панов/2012/Моделирование процесса принятия решения агентом со знаковой картиной мира.pdf:pdf;:C$\backslash$:/Users/sanek/Documents/Mendeley Desktop/Панов/2012/Моделирование процесса принятия решения агентом со знаковой картиной мира.pdf:pdf;:C$\backslash$:/Users/sanek/Documents/Mendeley Desktop/Панов/2012/Моделирование процесса принятия решения агентом со знаковой картиной мира.doc:doc},
keywords = {Jadex,myconf,знак,знаковое опосредование,интеллектуальные агенты,картина мира,модель поведения,мультиагентная система,поведение агента,психолог-консультант},
language = {russian},
mendeley-tags = {myconf},
pages = {126--137},
publisher = {РГАТУ имени П.А. Соловьева},
title = {{Моделирование процесса принятия решения агентом со знаковой картиной мира}},
volume = {I},
year = {2012}
}
@article{Osipov2015d,
abstract = {Рассматриваются процедуры формирования элемента картины мира субъекта деятельности (знака), введенные в первой части работы. Исследуется процесс формирование пары образ – значение знака с учетом современных представлений о строении и функционировании коры головного мозга человека. Строится алгоритм синтеза плана поведения и предлагается новая архитектура интеллектуальных агентов, обладающих, в частности, способностями к распределению ролей в коалициях.},
author = {Осипов, Г. С. and Панов, А. И. and Чудова, Н. В.},
doi = {10.7868/S0002338815050108},
file = {:C$\backslash$:/Users/sanek/Documents/Mendeley Desktop/Осипов, Панов, Чудова/2015/Управление поведением как функция сознания. II. Синтез плана поведения.pdf:pdf},
isbn = {0002-3388},
journal = {Известия Российский академии наук. Теория и системы управления},
keywords = {14-11-00692,15-07-06214,elibrary,mypub,vak},
language = {russian},
mendeley-tags = {14-11-00692,15-07-06214,elibrary,mypub,vak},
number = {6},
pages = {47--61},
title = {{Управление поведением как функция сознания. II. Синтез плана поведения}},
url = {https://elibrary.ru/item.asp?doi=10.7868/S0002338815050108},
year = {2015}
}
@article{Panov2014e,
abstract = {A shared use of the AQ learning and JSM method in extracting cause–effect relationships from psychological test data is considered. The AQ learning is used to descript a test group using rules. The group description is a basis for constructing the factbase of the JSM method. The first stage of the JSM method is used for hypothesizing on cause–effect relationships in the factbase. A complete algorithm of the developed method is described and recommendations for its use are provided. A contrasting analysis of the results of the proposed method and statistical processing results is performed.},
author = {Panov, A. I.},
doi = {10.3103/S0147688214050049},
file = {:C$\backslash$:/Users/sanek/Documents/Mendeley Desktop/Panov/2014/Extraction of Cause – Effect Relationships from Psychological Test Data Using Logical Methods.pdf:pdf},
isbn = {0147688214050},
journal = {Scientific and Technical Information Processing},
keywords = {10-06-00834,12-07-00611,12-07-31057,AQ learning,JSM method,cause-effect relationships,data mining,mypubtr,psychological testing,scopus,statistical analysis},
mendeley-tags = {10-06-00834,12-07-00611,12-07-31057,mypubtr,scopus},
number = {5},
pages = {275--282},
title = {{Extraction of Cause – Effect Relationships from Psychological Test Data Using Logical Methods}},
url = {http://link.springer.com/article/10.3103/S0147688214050049},
volume = {41},
year = {2014}
}
@phdthesis{Panov2015f,
abstract = {Построена модель компонент знака—элемента картины мира субъекта деятельности в рамках сегодняшних представлений о функционировании мозга и психики человека. Построены четыре типа операторов распознавания (два статических оператора, динамический и иерархический операторы) в терминах алгебраической теории для образной компоненты знака. Доказаны теоремы корректности линейных замыканий множеств построенных в работе операторов распознавания (статических, динамического и иерархического).},
author = {Панов, А. И.},
file = {:C$\backslash$:/Users/sanek/Documents/Mendeley Desktop/Панов/2015/Исследование методов, разработка моделей и алгоритмов формирования элементов знаковой картины мира субъекта деятельности.pdf:pdf;:C$\backslash$:/Users/sanek/Documents/Mendeley Desktop/Панов/2015/Исследование методов, разработка моделей и алгоритмов формирования элементов знаковой картины мира субъекта деятельности.pdf:pdf},
keywords = {14-07-31194,myth},
language = {russian},
mendeley-tags = {14-07-31194,myth},
pages = {118},
school = {Федеральное государственное бюджетное учреждение науки Институт системного анализа Российской академии наук},
title = {{Исследование методов, разработка моделей и алгоритмов формирования элементов знаковой картины мира субъекта деятельности}},
year = {2015}
}
@inproceedings{Panov2010b,
abstract = {В данной работе предлагается новая методика выявления причинно-следственных связей в психологических данных, получаемых при проведении тестирования. Используется сочетание методов статистической обработки и методов машинного обучения, в частности ДСМ-метода и метода AQ покрытий. Предлагаются способы дополнительного анализа и визуализации полученных гипотез о причинно-следственных связях.},
address = {Рыбинск},
author = {Панов, А. И.},
booktitle = {Теория и практика системного анализа: Труды I Всероссийской научной конференции молодых учёных},
file = {:C$\backslash$:/Users/sanek/Documents/Mendeley Desktop/Панов/2010/Методика интеллектуального анализа результатов психологического тестирования.pdf:pdf},
keywords = {myconf},
language = {russian},
mendeley-tags = {myconf},
pages = {39--45},
publisher = {РГАТА имени П.А. Соловьева},
title = {{Методика интеллектуального анализа результатов психологического тестирования}},
volume = {I},
year = {2010}
}
@inproceedings{Panov2010c,
author = {Панов, А. И.},
booktitle = {Труды XLV Всероссийской конференции по проблемам математики, информатики, физики и химии. Секция "Программные системы"},
file = {:C$\backslash$:/Users/sanek/Documents/Mendeley Desktop/Панов/2010/Особенности комплексного подхода к выявлению каузальных закономерностей при интеллектуальном анализе данных.pdf:pdf},
keywords = {myth},
language = {russian},
mendeley-tags = {myth},
pages = {97},
title = {{Особенности комплексного подхода к выявлению каузальных закономерностей при интеллектуальном анализе данных}},
year = {2010}
}
@article{Emelyanov2016,
abstract = {Extensive use of unmanned aerial vehicles (UAVs) in recent years has induced the rapid growth of research areas related to UAV production. Among these, the design of control systems capable of automating a wide range of UAV activities is one of the most actively explored and evolving. Currently, researchers and developers are interested in designing control systems that can be referred to as intelligent, e.g. the systems which are suited to solve such tasks as planning, goal prioritization, coalition formation etc. and thus guarantee high levels of UAV autonomy. One of the principal problems in intelligent control system design is tying together various methods and models traditionally used in robotics and aimed at solving such tasks as dynamics modelling, control signal genera- tion, location and mapping, path planning etc. with the methods of behaviour modelling and planning which are thoroughly studied in cognitive science. Our work is aimed at solving this problem. We propose layered architecture — STRL (strategic, tactical, reactive, layered) — of the control system that au- tomates the behaviour generation using a cognitive approach while taking into account complex dynamics and kinematics of the control object (UAV).We use a special type of knowledge representation — sign world model — that is based on the psychological activity theory to describe individual behaviour planning and coalition formation processes. We also propose path planning methodology which serves as the mediator between the high-level cognitive activities and the reactive control signals generation. To generate these signals we use a state-dependent Riccati equation and specific method for solving it. We believe that utilization of the proposed architecture will broaden the spectrum of tasks which can be solved by the UAV's coalition automatically, as well as raise the autonomy level of each individual member of that coalition.},
author = {Emel'yanov, Stanislav and Makarov, Dmitry and Panov, Aleksandr I. and Yakovlev, Konstantin},
doi = {10.1016/j.cogsys.2015.12.008},
file = {:C$\backslash$:/Users/sanek/Documents/Mendeley Desktop/Emel'yanov et al/2016/Multilayer cognitive architecture for UAV control.pdf:pdf},
issn = {1389-0417},
journal = {Cognitive Systems Research},
keywords = {14-11-00692,cognitive architecture,elibrary,frccsc,intelligent control system,mypub,nonlinear control,path planning,scopus,sign world model,state-dependent Riccati equation,unmanned aerial vehicle,wos{\_}core},
mendeley-tags = {14-11-00692,elibrary,frccsc,mypub,scopus,wos{\_}core},
pages = {58--72},
title = {{Multilayer cognitive architecture for UAV control}},
url = {http://linkinghub.elsevier.com/retrieve/pii/S1389041716000048},
volume = {39},
year = {2016}
}
@article{Panov2013,
abstract = {Работа посвящена совместному использованию AQ-обучения и ДСМ-метода в задаче выявления причинно-следственных связей в данных психологического тестирования. AQ-обучение применяется для построения описания группы испытуемых с помощью правил. Описание группы служит основой построения базы фактов ДСМ-метода. Для выдвижения гипотез о наличии причинно-следственных связей в базе фактов используется первый этап ДСМ-метода. Описан полный алгоритм разработанного метода, предлагаются рекомендации по его применению. Проводится сравнительный анализ результатов, полученных с помощью предложенного метода, с результатами статистической обработки.},
author = {Панов, А. И.},
file = {:C$\backslash$:/Users/sanek/Documents/Mendeley Desktop/Панов/2013/Выявление причинно-следственных связей в данных психологического тестирования логическими методами.pdf:pdf;:C$\backslash$:/Users/sanek/Documents/Mendeley Desktop/Панов/2013/Выявление причинно-следственных связей в данных психологического тестирования логическими методами(2).pdf:pdf;:C$\backslash$:/Users/sanek/Documents/Mendeley Desktop/Панов/2013/Выявление причинно-следственных связей в данных психологического тестирования логическими методами.docx:docx},
journal = {Искусственный интеллект и принятие решений},
keywords = {10-06-00834,12-07-00611,12-07-31057,AQ-обучение,elibrary,mypub,vak,wos{\_}rsci,ДСМ-метод,интеллектуальный анализ данных,причинно-следственные связи,психологическое тестирование,статистический анализ данных},
language = {russian},
mendeley-tags = {10-06-00834,12-07-00611,12-07-31057,elibrary,mypub,vak,wos{\_}rsci},
number = {1},
pages = {24--32},
title = {{Выявление причинно-следственных связей в данных психологического тестирования логическими методами}},
year = {2013}
}
@inproceedings{PanovT2014b,
address = {Lund},
author = {Osipov, Gennady and Chudova, Natalia and Panov, A. I.},
booktitle = {Book of Abstracts. The First Conference of the International Association for Cognitive Semiotics (IACS-2014). September 25-27, 2014},
file = {:C$\backslash$:/Users/sanek/Documents/Mendeley Desktop/Osipov, Chudova, Panov/2014/Semiotic foundations of consciousness functions.pdf:pdf},
keywords = {myth},
mendeley-tags = {myth},
pages = {211},
publisher = {Lund University},
title = {{Semiotic foundations of consciousness functions}},
year = {2014}
}
@inproceedings{Panov2015c,
abstract = {В работе представлена модель одной из когнитивных функций человека – восприятия. В качестве базового алгоритма обучения выбран один из алгоритмов предсказательной памяти – иерархическая временная память (Hierarchical temporal memory, HTM). Продемонстрирована сводимость данного алгоритма к функционированию иерархии распознающих автоматов специального вида. Приведены результаты модельных экспериментов по распознаванию серии простых изображений.},
address = {М.},
author = {Панов, А. И. and Петров, А. В.},
booktitle = {Шестая Международная конференция "Системный анализ и информационные технологии" САИТ-2015 (15-20 июня 2015 г., г. Светлогорск, Россия): Труды конференции. В 2-х т.},
file = {:C$\backslash$:/Users/sanek/Documents/Mendeley Desktop/Панов, Петров/2015/Иерархическая временная память как модель восприятия и её автоматное представление.pdf:pdf;:C$\backslash$:/Users/sanek/Documents/Mendeley Desktop/Панов, Петров/2015/Иерархическая временная память как модель восприятия и её автоматное представление(2).pdf:pdf;:C$\backslash$:/Users/sanek/Documents/Mendeley Desktop/Панов, Петров/2015/Иерархическая временная память как модель восприятия и её автоматное представление.doc:doc},
keywords = {14-07-31194,15-07-06214,HTM,myconf,иерархическая временная память,модель восприятия,нейроморфный алгоритм,обучение,распознающие автоматы},
language = {russian},
mendeley-tags = {14-07-31194,15-07-06214,myconf},
pages = {198--202},
publisher = {ИСА РАН},
title = {{Иерархическая временная память как модель восприятия и её автоматное представление}},
volume = {1},
year = {2015}
}
@inproceedings{Panov2017c,
address = {La Jolla},
author = {Panov, Aleksandr I.},
booktitle = {The Science of Consciousness TSC2017},
file = {:C$\backslash$:/Users/sanek/Documents/Mendeley Desktop/Panov/2017/Sign approach to consciousness modelling.docx:docx;:C$\backslash$:/Users/sanek/Documents/Mendeley Desktop/Panov/2017/Sign approach to consciousness modelling.pdf:pdf},
keywords = {15-07-06214,frccsc,myth},
mendeley-tags = {15-07-06214,frccsc,myth},
pages = {137},
publisher = {The University of Arizona},
title = {{Sign approach to consciousness modelling}},
url = {https://eagle.sbs.arizona.edu/sc/report{\_}poster{\_}detail.php?abs=3038},
year = {2017}
}
@inproceedings{Panov2016a,
address = {М.},
author = {Панов, А. И.},
booktitle = {Седьмая международная конференция по когнитивной науке: Тезисы докладов. Светлогорск, 20-24 июня 2016 г.},
editor = {Александрова, Ю.И. and Анохина, К.В.},
file = {:C$\backslash$:/Users/sanek/Documents/Mendeley Desktop/Панов/2016/Моделирование процесса планирования поведения в знаковой картине мира.doc:doc;:C$\backslash$:/Users/sanek/Documents/Mendeley Desktop/Панов/2016/Моделирование процесса планирования поведения в знаковой картине мира.pdf:pdf},
keywords = {16-37-60055,elibrary,frccsc,myth},
language = {russian},
mendeley-tags = {16-37-60055,elibrary,frccsc,myth},
pages = {478--480},
publisher = {Изд-во "Институт психологии РАН"},
title = {{Моделирование процесса планирования поведения в знаковой картине мира}},
year = {2016}
}
@inproceedings{Panov2017b,
abstract = {В работе рассмотрена задача автоматического формирования правил интеллектуальным агентом в процессе обучения планированию действий. Приведена постановка задачи при использовании варианта обучения с подкреплением. В качестве примера рассмотрена дискретная задача планирования траектории на плоскости с препятствиями, в которой формируется план достижения целевого положения из начального. Проведен ряд экспериментов с использованием кортикоморфных алгоритмов обучения: аналога иерархической временной памяти и различных вариантов глубоких нейронных сетей.},
address = {М.},
author = {Панов, А. И. and Суворов, Р. Е.},
booktitle = {Седьмая Международная конференция "Системный анализ и информационные технологии" САИТ-2017 (13-18 июня 2017 г., г. Светлогорск, Россия): Труды конференции},
file = {:C$\backslash$:/Users/sanek/Documents/Mendeley Desktop/Панов, Суворов/2017/Автоматическое формирование правил перемещения с использованием обучения с подкреплением.docx:docx;:C$\backslash$:/Users/sanek/Documents/Mendeley Desktop/Панов, Суворов/2017/Автоматическое формирование правил перемещения с использованием обучения с подкреплением.pdf:pdf},
isbn = {978-5-904466-36-7},
keywords = {15-07-06214,16-37-60055,elibrary,frccsc,myconf},
language = {russian},
mendeley-tags = {15-07-06214,16-37-60055,elibrary,frccsc,myconf},
pages = {303--310},
publisher = {ФИЦ ИУ РАН},
title = {{Автоматическое формирование правил перемещения с использованием обучения с подкреплением}},
url = {https://elibrary.ru/item.asp?id=30004933},
year = {2017}
}
@article{Panov2015g,
abstract = {Рассматриваются особенности представления пространственных и временных знаний для планирования согласованного перемещения коалиции интеллектуальных агентов. В качестве примера подобной задачи рассмотрен перелет группы беспилотных летательных аппаратов в заданную область на местности с препятствиями. Рассматривается знаковый подход к описанию знаний агента, основанный на психологической теории деятельности и биологически правдоподобной иерархической модели распознавания. Особое внимание уделено описанию действий и процессам обучения на основе поступающей первичной информации.},
author = {Панов, А. И.},
file = {:C$\backslash$:/Users/sanek/Documents/Mendeley Desktop/Панов/2015/Представление знаний автономных агентов, планирующих согласованные перемещения.docx:docx;:C$\backslash$:/Users/sanek/Documents/Mendeley Desktop/Панов/2015/Представление знаний автономных агентов, планирующих согласованные перемещения.pdf:pdf},
journal = {Робототехника и техническая кибернетика},
keywords = {14-07-31194,elibrary,mypub,группа БПЛА,знак,иерархия автоматов,когнитивные процессы,представление знаний},
language = {russian},
mendeley-tags = {14-07-31194,elibrary,mypub},
number = {4(9)},
pages = {34--40},
title = {{Представление знаний автономных агентов, планирующих согласованные перемещения}},
url = {https://elibrary.ru/item.asp?id=25085187},
year = {2015}
}
@article{Osipov2014b,
abstract = {Functions that are referred in psychology as functions of consciousness are considered. These functions include reflection, consciousness of activity motivation, goal setting, synthesis of goal oriented behavior, and some others. The description is based on the concept of sign, which is widely used in psychology and, in particular, in the cultural-historical theory by Vygotsky, in which sign is interpreted informally. In this paper, we elaborate upon the concept of sign, consider mechanisms of sign formation, and some self-organization on the set of signs. Due to the work of self-organization mechanisms, a new method for the representation of the world model of an actor appears. The concept of semiotic network is introduced that is used for the examination of the actor's world models. Models of some functions indicated above are constructed. The second part of the paper is devoted to functions of self-consciousness and to the application of the constructed models for designing plans and constructing new architectures of intelligent agents that are able, in particular, to distribute roles in coalitions.},
author = {Osipov, G. S. and Panov, A. I. and Chudova, N. V.},
doi = {10.1134/S1064230714040121},
file = {:C$\backslash$:/Users/sanek/Documents/Mendeley Desktop/Osipov, Panov, Chudova/2014/Behavior control as a function of consciousness. I. World model and goal setting.pdf:pdf;:C$\backslash$:/Users/sanek/Documents/Mendeley Desktop/Osipov, Panov, Chudova/2014/Behavior control as a function of consciousness. I. World model and goal setting(2).pdf:pdf},
issn = {1064-2307},
journal = {Journal of Computer and Systems Sciences International},
keywords = {12-07-00611,cognitive functions,consciousness,cultural-historical theory,goal setting,mypubtr,scopus,sign,world model,wos{\_}core},
mendeley-tags = {12-07-00611,mypubtr,scopus,wos{\_}core},
number = {4},
pages = {517--529},
title = {{Behavior control as a function of consciousness. I. World model and goal setting}},
url = {http://link.springer.com/10.1134/S1064230714040121},
volume = {53},
year = {2014}
}
@inproceedings{Panov2010d,
address = {Томск},
author = {Панов, А. И. and Чудова, Н. В.},
booktitle = {Четвертая международная конференция по когнитивной науке: Тезисы докладов: В 2 т. Томск, 22-26 июня 2010 г.},
file = {:C$\backslash$:/Users/sanek/Documents/Mendeley Desktop/Панов, Чудова/2010/Моделирование процесса образования естественных понятий методами искусственного интеллекта.pdf:pdf},
keywords = {07-06-80159,09-07-12128,myth},
language = {russian},
mendeley-tags = {07-06-80159,09-07-12128,myth},
pages = {455},
publisher = {Томский государственный университет},
title = {{Моделирование процесса образования естественных понятий методами искусственного интеллекта}},
year = {2010}
}
@inproceedings{Kan2010,
address = {М.},
author = {Кан, Л. В. and Косоусова, К. И. and Кузнецова, Ю. М. and Панов, А. И. and Петров, А. В. and Чудова, Н. В.},
booktitle = {"Психология образования: социокультурный ресурс Национальной образовательной инициативы "Наша новая школа"" (Москва, 14-16 декабря 2010 г.): Материалы VI Всероссийской научно- практической конференции},
file = {:C$\backslash$:/Users/sanek/Documents/Mendeley Desktop/Кан et al/2010/Когнитивное моделирование в обеспечении деятельности практического психолога.pdf:pdf},
keywords = {09-07-12128,myconf},
language = {russian},
mendeley-tags = {09-07-12128,myconf},
pages = {107--109},
publisher = {Общероссийская общественная организация "Федерация психологов образования России"},
title = {{Когнитивное моделирование в обеспечении деятельности практического психолога}},
year = {2010}
}
@article{Panov2015d,
abstract = {В работе предлагается и исследуется метод извлечения причинно-следственных (каузальных) бинарных отношений из множества баз фактов. Базы фактов строятся для целевых свойств каждого класса объектов. Описание классов формируются в результате обучения на данных из слабо формализованной предметной области. Обучение проводится с использованием коэволюционного генетического алгоритма, сокращающего начальное пространство признаков. По сформированным оптимизированным описаниям классов с помощью первого этапа ДСМ-метода осуществляется поиск причинно-следственных отношений для всех целевых свойств. Предложенный метод подходит как для анализа небольшого количества полных данных, так и для работы с массивами неполных данных большого размера. Проведен ряд модельных экспериментов с использованием базы медицинских данных MIMIC II.},
author = {Панов, А. И. and Швец, А. В. and Волкова, Г. Д.},
file = {:C$\backslash$:/Users/sanek/Documents/Mendeley Desktop/Панов, Швец, Волкова/2015/Метод извлечения причинно-следственных связей с использованием оптимизированных баз фактов.doc:doc;:C$\backslash$:/Users/sanek/Documents/Mendeley Desktop/Панов, Швец, Волкова/2015/Метод извлечения причинно-следственных связей с использованием оптимизированных баз фактов.pdf:pdf},
journal = {Искусственный интеллект и принятие решений},
keywords = {13-07-12127,14-07-31194,AQ-обучение,elibrary,mypub,vak,wos{\_}rsci,ДСМ-метод,генетический алгоритм,машинное обучение,причинно-следственные отношения},
language = {russian},
mendeley-tags = {13-07-12127,14-07-31194,elibrary,mypub,vak,wos{\_}rsci},
number = {1},
pages = {27--34},
title = {{Метод извлечения причинно-следственных связей с использованием оптимизированных баз фактов}},
url = {https://elibrary.ru/item.asp?id=25000276},
year = {2015}
}
@article{Chudova2016,
abstract = {Проведено психологическое эмпирическое исследование связи агрессивности с различными личностными особенностями, представлены результаты, полученные для различных форм агрессивности, в том числе с применением метода машинного обучения AQJSM. По выделенным классам (группам с высокими показателями по данным опросника на агрессивность) с использованием предобработки данных с помощью генерации AQ-правил и индуктивного вывода в стиле ДСМ осуществляется поиск причинно-следственных отношений для всех целевых свойств выделенных групп. Используемый метод подходит как для анализа небольшого количества полных данных, так и для работы с массивами неполных данных большого размера. Показано как метод AQJSM позволяет проводить на данных психодиагностического обследования автоматический синдромный анализ.},
author = {Чудова, Н. В. and Панов, А. И.},
file = {:C$\backslash$:/Users/sanek/Documents/Mendeley Desktop/Чудова, Панов/2016/Извлечение причинно-следственных отношений из данных психологического исследования на материале изучения агрессивности.docx:docx;:C$\backslash$:/Users/sanek/Documents/Mendeley Desktop/Чудова, Панов/2016/Извлечение причинно-следственных отношений из данных психологического исследования на материале изучения агрессивности.pdf:pdf},
issn = {2071-8594},
journal = {Искусственный интеллект и принятие решений},
keywords = {13-06-00658,AQ-правила,elibrary,frccsc,mypub,vak,ДСМ-метод,агрессивность,машинное обучение,причинно-следственные отношения,психодиагностическое исследование},
language = {russian},
mendeley-tags = {13-06-00658,elibrary,frccsc,mypub,vak},
number = {4},
pages = {38--46},
title = {{Извлечение причинно-следственных отношений из данных психологического исследования на материале изучения агрессивности}},
url = {http://aidt.ru/index.php?option=com{\_}content{\&}view=article{\&}id=737:n-v-chudova-a-i-panov-izvlechenie-prichinno-sledstvennykh-otnoshenij-iz-dannykh-psikhologicheskogo-issledovaniya-na-materiale-izucheniya-agressivnosti{\&}catid=289:izvlechenie-znanij{\&}Itemid=193{\&}},
year = {2016}
}
@inproceedings{Panov2012b,
abstract = {Работа посвящена исследованию отношений на компонентах знака, являющегося базовым элементом картины мира в теории деятельности А.Н. Леонтьева. Выделена и описана структура отношений на образах, значениях и личностных смыслах. Рассмотрены свойства образующих отношений и порождающих правил.},
address = {Белгород},
author = {Панов, А. И.},
booktitle = {Тринадцатая национальная конференция по искусственному интеллекту с международным участием КИИ–2012 (16–20 октября 2012г., г. Белгород, Россия): Труды конференции},
file = {:C$\backslash$:/Users/sanek/Documents/Mendeley Desktop/Панов/2012/Семейства отношений в знаковой картине мира.pdf:pdf;:C$\backslash$:/Users/sanek/Documents/Mendeley Desktop/Панов/2012/Семейства отношений в знаковой картине мира.doc:doc},
keywords = {12-07-00611,myconf,знак,картина мира,компоненты знака,отношения,порождающие правила,теория деятельности},
language = {russian},
mendeley-tags = {12-07-00611,myconf},
pages = {301--309},
publisher = {Издательство БГТУ},
title = {{Семейства отношений в знаковой картине мира}},
volume = {1},
year = {2012}
}
@article{Osipov2014c,
abstract = {Рассматриваются функции, которые в психологии принято относить к функциям сознания. К числу таких функций относятся рефлексия, осознание мотива деятельности, целеполагание, синтез целенаправленного поведения и некоторые иные. Описание опирается на понятие знака, достаточно широко используемое в психологии, в частности, в культурно-исторической теории Л.С.Выготского, где знак понимается неформальным образом. В настоящей работе уточняется понятие знака, рассматриваются механизмы формирования знаков и некоторые процедуры самоорганизации на множестве знаков. Благодаря работе механизмов самоорганизации возникает новый способ представления картины мира субъекта деятельности. Вводится понятие семиотической сети, которое используется для исследования картин мира субъектов. Строятся модели некоторых из указанных выше функций. Вторая часть статьи посвящена функциям самосознания и применению построенных моделей для задачи синтеза плана и построения новых архитектур интеллектуальных агентов, обладающих, в частности, способностями к распределению ролей в коалициях.},
author = {Осипов, Г. С. and Панов, А. И. and Чудова, Н. В.},
doi = {10.7868/S000233881404012X},
file = {:C$\backslash$:/Users/sanek/Documents/Mendeley Desktop/Осипов, Панов, Чудова/2014/Управление поведением как функция сознания. I. Картина мира и целеполагание.doc:doc;:C$\backslash$:/Users/sanek/Documents/Mendeley Desktop/Осипов, Панов, Чудова/2014/Управление поведением как функция сознания. I. Картина мира и целеполагание.pdf:pdf},
issn = {0002-3388},
journal = {Известия Российской академии наук. Теория и системы управления},
keywords = {12-07-00611,elibrary,mypub,vak},
language = {russian},
mendeley-tags = {12-07-00611,elibrary,mypub,vak},
number = {4},
pages = {49--62},
title = {{Управление поведением как функция сознания. I. Картина мира и целеполагание}},
url = {http://elibrary.ru/item.asp?doi=10.7868/S000233881404012X},
year = {2014}
}
@article{Panov2016b,
abstract = {Behavior planning is known to be one of the basic cognitive functions, which is essential for any cognitive architecture of any control system used in robotics. At the same time most of the widespread planning algorithms employed in those systems are developed using only approaches and models of Artificial Intelligence and don't take into account numerous results of cognitive experiments. As a result, there is a strong need for novel methods of behavior planning suitable for modern cognitive architectures aimed at robot control. One such method is presented in this work and is studied within a special class of navigation task called smart relocation task. The method is based on the hierarchical two-level model of abstraction and knowledge representation, e.g. symbolic and subsymbolic. On the symbolic level sign world model is used for knowledge representation and hierarchical planning algorithm, MAP, is utilized for planning. On the subsymbolic level the task of path planning is considered and solved as a graph search problem. Interaction between both planners is examined and inter-level interfaces and feedback loops are described. Preliminary experimental results are presented.},
author = {Panov, Aleksandr I. and Yakovlev, Konstantin S.},
doi = {10.1016/j.procs.2016.07.414},
file = {:C$\backslash$:/Users/sanek/Documents/Mendeley Desktop/Panov, Yakovlev/2016/Psychologically Inspired Planning Method for Smart Relocation Task.pdf:pdf},
issn = {1877-0509},
journal = {Procedia Computer Science},
keywords = {16-11-00048,behavior planning,computer cognitive modeling,frccsc,map,myconf,path planning,planner,scopus,sign world model,theory of activity,wos{\_}core},
mendeley-tags = {16-11-00048,frccsc,myconf,scopus,wos{\_}core},
pages = {115--124},
title = {{Psychologically Inspired Planning Method for Smart Relocation Task}},
url = {http://www.sciencedirect.com/science/article/pii/S1877050916316702},
volume = {88},
year = {2016}
}
@inproceedings{Lupatov2015,
abstract = {Dendritic cells (DCs) vaccination is a promising way to contend cancer metastases especially in the case of immunogenic tumors. Unfortunately, it is only rarely possible to achieve a satisfactory clinical outcome in the majority of patients treated with a particular DC vaccine. Apparently, DC vaccination can be successful with certain combinations of features of the tumor and patients immune system that are not yet fully revealed. Difficulty in predicting the results of the therapy and high price of preparation of individual vaccines prevent wider use of DC vaccines in medical practice. Here we propose an approach aimed to uncover correlation between the effectiveness of specific DC vaccine types and personal characteristics of patients to increase efficiency of cancer treatment and reduce prices. To accomplish this, we suggest two-step analysis of published clinical trials results for DCs vaccines: first, the information extraction subsystem is trained, and, second, the extracted data is analyzed using JSM and AQ methodology.},
author = {Lupatov, A. Yu. and Panov, A. I. and Suvorov, R. E. and Shvets, A. V. and Yarygin, K. N. and Volkova, G. D.},
booktitle = {Proceedings of ICPRAM 2015 - 4th International Conference on Pattern Recognition Applications and Methods},
doi = {10.5220/0005248802700276},
editor = {Figueiredo, M. and Fred, A. and {De Marsico}, M.},
file = {:C$\backslash$:/Users/sanek/Documents/Mendeley Desktop/Lupatov et al/2015/Assessment of Dendritic Cell Therapy Effectiveness Based on the Feature Extraction from Scientific Publications.pdf:pdf;:C$\backslash$:/Users/sanek/Documents/Mendeley Desktop/Lupatov et al/2015/Assessment of Dendritic Cell Therapy Effectiveness Based on the Feature Extraction from Scientific Publications.pdf:pdf},
isbn = {9789897580772},
keywords = {13-07-12127,AQ-method,Anticancer vaccine,Cell therapy,Data mining,Dendritic cells,Genetic algorithm,JSM-method,Natural language processing,Text mining,elibrary,myconf,scopus},
mendeley-tags = {13-07-12127,elibrary,myconf,scopus},
pages = {270--276},
publisher = {SciTePress},
title = {{Assessment of Dendritic Cell Therapy Effectiveness Based on the Feature Extraction from Scientific Publications}},
volume = {2},
year = {2015}
}
@article{Panov2017a,
abstract = {Behavior planning is an important function of any complex technical facility intelligent control system. Presently, a symbol paradigm of artificial intelligence offers a variety of planning algorithms, including those that use precedent information, i.e. algorithms based on acquired knowledge. A symbol grounding problem within the exiting approaches of knowledge representation does not allow effective use the developed algorithms together with learning mechanisms for the purpose of solving a wide variety of applied problems by actual intelligent agents (robotics systems). This article presents the original planning algorithm (MAP Planner), which uses a sign world model as the basis for acquisition and maintenance of knowledge for future use in behavior planning. the sign problem approach describes planning as a cognitive function actualized by the world model of a subject of activity. Apart from solving symbol grounding problems and ensuring psychological and biological plausibility, a sign planning process model allows interaction of an intelligent agent with other participants in solving a cooperative task. The article presents the description of the knowledge representation method used, a MAP planning algorithm, and a model experiment in a “block world”.},
annote = {NULL},
author = {Panov, Aleksandr I.},
doi = {10.1016/j.bica.2016.12.001},
file = {:C$\backslash$:/Users/sanek/Documents/Mendeley Desktop/Panov/2017/Behavior Planning of Intelligent Agent with Sign World Model.pdf:pdf;:C$\backslash$:/Users/sanek/Documents/Mendeley Desktop/Panov/2017/Behavior Planning of Intelligent Agent with Sign World Model(2).pdf:pdf},
issn = {2212-683X},
journal = {Biologically Inspired Cognitive Architectures},
keywords = {16-37-60055,behavior planning,causal matrix,elibrary,frccsc,hse,map algorithm,mypub,scopus,semiotic network,sign image,sign personal meaning,sign significance,sign world model,wos{\_}core},
mendeley-tags = {16-37-60055,elibrary,frccsc,hse,mypub,scopus,wos{\_}core},
pages = {21--31},
title = {{Behavior Planning of Intelligent Agent with Sign World Model}},
url = {http://www.sciencedirect.com/science/article/pii/S2212683X16300913},
volume = {19},
year = {2017}
}
@inproceedings{Kuznetcova2011,
abstract = {Разработаны и реализованы экспериментальные интеллектуальные агенты с сознанием, для изучения поведения таких агентов проведена серия компьютерных экспериментов. Разработка модели поведения, основанного на сознании, велась в рамках культурно-исторического подхода. Предложена модель процесса формирования индивидуального знания. В рамках этого процесса выделено и исследовано формирование и функционирование знаковоопосредованного знания, выделен структурный элемент такого знания – знак, описаны его компоненты.},
address = {Челябинск},
author = {Кузнецова, Ю. М. and Осипов, Г. С. and Панов, А. И. and Петров, А. В. and Чудова, Н. В.},
booktitle = {Системный анализ и информационные технологии: тр. Четвертой Междунар. конф. (Абзаково, Россия, 17–23 авг. 2011 г.): в 2т.},
file = {:C$\backslash$:/Users/sanek/Documents/Mendeley Desktop/Кузнецова et al/2011/Моделирование поведения, управляемого сознанием.pdf:pdf;:C$\backslash$:/Users/sanek/Documents/Mendeley Desktop/Кузнецова et al/2011/Моделирование поведения, управляемого сознанием.doc:doc},
keywords = {myconf,знак,интеллектуальные агенты,культурно-исторический подход,модель поведения},
language = {russian},
mendeley-tags = {myconf},
pages = {6--13},
publisher = {Изд-во Челяб. Гос. ун–та},
title = {{Моделирование поведения, управляемого сознанием}},
volume = {1},
year = {2011}
}
@incollection{Skrynnik2016,
abstract = {Hierarchical temporal memory is an online machine learning model that simulates some of the structural and algorithmic properties of neocortex. The new implementa- tion of hierarchical temporal memory is proposed in the paper. The main distinction of the implementation is chain extraction module that complements the spatial and temporal polling modules of HTM. The new module simplifies cross-level regions connection implementation (e.g. feedback). An experiment is also described to illus- trate how hierarchical temporal memory with explicit states extraction works.},
author = {Skrynnik, Aleksey and Petrov, Alexander and Panov, Aleksandr I.},
booktitle = {Biologically Inspired Cognitive Architectures (BICA) for Young Scientists},
doi = {10.1007/978-3-319-32554-5_28},
editor = {Samsonovich, Alexei V. and Klimov, Valentin V. and Rybina, Galina V.},
file = {:C$\backslash$:/Users/sanek/Documents/Mendeley Desktop/Skrynnik, Petrov, Panov/2016/Hierarchical Temporal Memory Implementation with Explicit States Extraction.pdf:pdf;:C$\backslash$:/Users/sanek/Documents/Mendeley Desktop/Skrynnik, Petrov, Panov/2016/Hierarchical Temporal Memory Implementation with Explicit States Extraction.doc:doc},
keywords = {16-37-60055,elibrary,hse,myconf,scopus,wos{\_}core},
mendeley-tags = {16-37-60055,elibrary,hse,myconf,scopus,wos{\_}core},
pages = {219--225},
publisher = {Springer International Publishing},
series = {Advances in Intelligent Systems and Computing},
title = {{Hierarchical Temporal Memory Implementation with Explicit States Extraction}},
url = {http://link.springer.com/10.1007/978-3-319-32554-5{\_}28},
year = {2016}
}
@article{Zubarev2013,
abstract = {В статье рассматриваются и анализируются различные подходы к построению архитектуры системы управления беспилотным летательным аппаратом типа «вертолет». На основании проведенного анализа делается вывод о целесообразности применения иерархической, трехуровневой схемы – стратегический уровень, тактический уровень, уровень управления. Описываются решаемые на каждом уровне задачи и дается краткая характеристика методов, подходов и алгоритмов, потенциально применимых для их решения, выделяются наиболее перспективные на взгляд авторов методы и подходы.},
author = {Зубарев, Д. В. and Макаров, Д. А. and Панов, А. И. and Яковлев, К. С.},
file = {:C$\backslash$:/Users/sanek/Documents/Mendeley Desktop/Зубарев et al/2013/Принципы построения многоуровневых архитектур систем управления беспилотными летательными аппаратами.pdf:pdf;:C$\backslash$:/Users/sanek/Documents/Mendeley Desktop/Зубарев et al/2013/Принципы построения многоуровневых архитектур систем управления беспилотными летательными аппаратами.docx:docx},
journal = {Авиакосмическое приборостроение},
keywords = {12-07-00611,12-07-31057,12-07-31058,elibrary,mypub,алгоритмы управления,архитектура системы управления,беспилотные летательные аппараты,вертолеты,когнитивное компьютерное моделирование,методы планирования траекторий,регуляторы},
language = {russian},
mendeley-tags = {12-07-00611,12-07-31057,12-07-31058,elibrary,mypub},
number = {4},
pages = {10--28},
title = {{Принципы построения многоуровневых архитектур систем управления беспилотными летательными аппаратами}},
year = {2013}
}
@book{Osipov2018a,
abstract = {В монографии рассмотрено возникновение и формирование картин мира субъекта деятельности. Рассматривается понятие знака в качестве основного элемента картины мира. Приведены психологические и нейрофизиологические основания знаковой структуры картин мира. Строится модель знака, рассматриваются структура знака, семейства отношений и операций на множестве знаков. Показывается, что различные семейства отношений на множестве знаков позволяют моделировать различные типы картин мира. Продемонстрированы возможности знакового подхода в моделировании некоторых когнитивных функций, таких как целеполагание и динамическое распределение ролей в коалициях субъектов деятельности. Книга предназначена специалистам в области искусственного интеллекта, психологии, лингвистики и всем интересующимся проблемами моделирования человеческого сознания. Может быть использована аспирантами и студентами старших курсов университетов.},
address = {М.},
author = {Осипов, Г. С. and Панов, А. И. and Чудова, Н. В. and Кузнецова, Ю. М.},
file = {:C$\backslash$:/Users/sanek/Documents/Mendeley Desktop/Осипов et al/2018/Знаковая картина мира субъекта поведения(2).pdf:pdf;:C$\backslash$:/Users/sanek/Documents/Mendeley Desktop/Осипов et al/2018/Знаковая картина мира субъекта поведения(3).pdf:pdf},
isbn = {978-5-9221-1781-4},
keywords = {15-07-06214,17-17-00138,frccsc,mybook,osipov},
language = {russian},
mendeley-tags = {15-07-06214,17-17-00138,frccsc,mybook,osipov},
pages = {264},
publisher = {Физматлит},
title = {{Знаковая картина мира субъекта поведения}},
url = {http://www.rfbr.ru/rffi/ru/books/o{\_}2052004},
year = {2018}
}
@inproceedings{Boyko2016,
abstract = {Increasing amount of scientific publications makes it difficult to conduct a comprehensive review and objectively compare results of previous researches. In some areas of research it is also difficult to extract regularities without computer aid due to complexity of experimental setup and results. Cancer treatment using dendritic cell vaccines is such an area. In this paper we describe a framework for semi-automatic information extraction and further analysis. We also present a case study in the field of dendritic cell vaccination and the corresponding experimental results, which include analysis of separability, classification and regression quality evaluation and cause relations mining.},
author = {Boyko, A. A. and Kaidina, A. M. and Kim, Y. C. and Lupatov, A. Yu. and Panov, A. I. and Suvorov, R. E. and Shvets, A. V.},
booktitle = {2016 IEEE 8th International Conference on Intelligent Systems (IS)},
doi = {10.1109/IS.2016.7737416},
editor = {Yager, Ronald and Sgurev, Vassil and Hadjiski, Mincho and Jotsov, Vladimir},
file = {:C$\backslash$:/Users/sanek/Documents/Mendeley Desktop/Boyko et al/2016/A framework for automated meta-analysis Dendritic cell therapy case study.pdf:pdf},
isbn = {978-1-5090-1354-8},
keywords = {13-07-12127,15-59-31516,anticancer vaccine,aq-method,causal relations,data mining,dendritic cell therapy,elibrary,frccsc,genetic algorithm,jsm-method,myconf,natural language processing,scopus,wos{\_}core},
mendeley-tags = {13-07-12127,15-59-31516,elibrary,frccsc,myconf,scopus,wos{\_}core},
pages = {160--166},
publisher = {IEEE},
title = {{A framework for automated meta-analysis: Dendritic cell therapy case study}},
url = {http://ieeexplore.ieee.org/document/7737416/},
year = {2016}
}
@article{Boiko2015,
abstract = {Ускоряющееся увеличение количества публикаций приводит к практической невозможности проведения ручных полных обзоров результатов исследований в различных областях науки. Также в некоторых областях исследований достаточно сложно выявлять закономерности без привлечения специальных методов обработки данных. Лечение рака с помощью дендритноклеточных вакцин является к одним из таких направлений исследований. В настоящей работе представлена система полуавтоматического извлечения и анализа информации из научных публикаций. Представлены экспериментальные результаты разработанных и примененных методов по разделению, классификации пациентов и извлечению причинно-следственных связей для задачи установления успешности лечения пациентов различными типами дендритноклеточных вакцин.},
author = {Бойко, А. А. and Кайдина, А. М. and Ким, Я. С. and Лупатов, А. Ю. and Панов, А. И. and Суворов, Р. Е. and Швец, А. В.},
file = {:C$\backslash$:/Users/sanek/Documents/Mendeley Desktop/Бойко et al/2015/Система анализа данных из научных источников на примере текстов по дендритноклеточным вакцинам.doc:doc;:C$\backslash$:/Users/sanek/Documents/Mendeley Desktop/Бойко et al/2015/Система анализа данных из научных источников на примере текстов по дендритноклеточным вакцинам.pdf:pdf},
journal = {Труды Института Системного Анализа РАН},
keywords = {13-07-12127,15-59-31516,AQ-метод,elibrary,mypub,vak,ДСМ-метод,анализ естественного языка,анализ текста,генетические алгоритмы,дендритные клетки,клеточная терапия,машинное обучение,причинно-следственные связи,противораковая вакцина},
language = {russian},
mendeley-tags = {13-07-12127,15-59-31516,elibrary,mypub,vak},
number = {4},
pages = {54--63},
title = {{Система анализа данных из научных источников на примере текстов по дендритноклеточным вакцинам}},
volume = {65},
year = {2015}
}
@inproceedings{Kiselev2016,
abstract = {В работе представлены результаты экспериментов, проведенных с алгоритмом планирования поведения в знаковой картине мира в STRIPS постановке задачи. В картине мира алгоритм генерирует последовательность действий на основании компонентов элементов картины мира – компонентов знаков. Приведены основные шаги алгоритма планирования поведения – MAP алгоритма. Представлены основные компоненты программной реализации, проведены эксперименты с классической задачей STRIPS планирования «Мир блоков».},
address = {Тверь},
annote = {NULL},
author = {Киселев, Г. А. and Панов, А. И.},
booktitle = {Информатика, управление и системный анализ: Труды IV Всероссийской научной конференции молодых учёных с международным участием},
file = {:C$\backslash$:/Users/sanek/Documents/Mendeley Desktop/Киселев, Панов/2016/STRIPS постановка задачи планирования поведения в знаковой картине мира.doc:doc;:C$\backslash$:/Users/sanek/Documents/Mendeley Desktop/Киселев, Панов/2016/STRIPS постановка задачи планирования поведения в знаковой картине мира.pdf:pdf},
isbn = {9-785-905156-26-7},
keywords = {15-07-06214,MAP алгоритм,STRIPS,elibrary,frccsc,myconf,знак,картина мира,планирование поведения},
language = {russian},
mendeley-tags = {15-07-06214,elibrary,frccsc,myconf},
pages = {131--138},
publisher = {Тверской государственный технический университет},
title = {{STRIPS постановка задачи планирования поведения в знаковой картине мира}},
url = {https://elibrary.ru/item.asp?id=28326002},
volume = {I},
year = {2016}
}
@inproceedings{Makarov2016,
abstract = {Работа посвящена архитектуре системы управления сложными техническими объектами, рассматриваемыми как интеллектуальные агенты. В качестве таких объектов взяты малые беспилотные летательные аппараты (БПЛА) мультикоптерного типа. Архитектура состоит из трех уровней: стратегического, тактического и реактивного. Её применение позволит автоматизировать управление как отдельными БПЛА, так и их коалициями БПЛА при решении широкого круга задач.},
address = {Смоленск},
author = {Макаров, Д. А. and Панов, А. И. and Яковлев, К. С.},
booktitle = {Пятнадцатая национальная конференция по искусственному интеллекту с международным участием КИИ-2016 (3-7 октября 2016г., г.Смоленск, Россия): Труды конференции},
file = {:C$\backslash$:/Users/sanek/Documents/Mendeley Desktop/Макаров, Панов, Яковлев/2016/STRL многоуровневая система управления интеллектуальными агентами.doc:doc;:C$\backslash$:/Users/sanek/Documents/Mendeley Desktop/Макаров, Панов, Яковлев/2016/STRL многоуровневая система управления интеллектуальными агентами.pdf:pdf;:C$\backslash$:/Users/sanek/Documents/Mendeley Desktop/Макаров, Панов, Яковлев/2016/STRL многоуровневая система управления интеллектуальными агентами.pdf:pdf},
isbn = {978-5-91412-316-8},
keywords = {14-11-00692,elibrary,frccsc,myconf,беспилотные летательные аппараты,знаковая картина мира,интеллектуальная система управления,многоуровневая архитектура,нелинейное управление,планирование поведения,планирование траектории,уравнение Риккати},
language = {russian},
mendeley-tags = {14-11-00692,elibrary,frccsc,myconf},
pages = {179--188},
publisher = {Универсум},
title = {{STRL: многоуровневая система управления интеллектуальными агентами}},
volume = {1},
year = {2016}
}
@inproceedings{Panov2014b,
abstract = {В работе представлен метод предварительного обучения на данных большого объема для составления компактной базы фактов, используемой в задаче выявления причинно-следственных связей. Проводится сравнение методов, использующих классический алгоритм AQ-обучения и эволюционный алгоритм генерации покрытий. Оба алгоритма позволяют сокращать признаковое пространство, на котором проходит поиск гипотез ДСМ-методом. Приводятся результаты экспериментов на данных психологического тестирования.},
address = {Казань},
author = {Панов, А. И. and Швец, А. В.},
booktitle = {Четырнадцатая национальная конференция по искусственному интеллекту с международным участием КИИ–2014 (24–27 сентября 2014г., г. Казань, Россия): Труды конференции},
file = {:C$\backslash$:/Users/sanek/Documents/Mendeley Desktop/Панов, Швец/2014/Эволюционный метод покрытий для составления базы фактов ДСМ–метода.pdf:pdf;:C$\backslash$:/Users/sanek/Documents/Mendeley Desktop/Панов, Швец/2014/Эволюционный метод покрытий для составления базы фактов ДСМ–метода.doc:doc},
keywords = {14-07-31194,AQ-обучение,myconf,ДСМ-метод,оптимизация базы фактов,предварительное обучение,причинно-следственные отношения,эволюционный алгоритм},
language = {russian},
mendeley-tags = {14-07-31194,myconf},
pages = {323--330},
publisher = {Издательство КФУ},
title = {{Эволюционный метод покрытий для составления базы фактов ДСМ–метода}},
volume = {2},
year = {2014}
}
@article{Osipov2015e,
abstract = {Procedures for forming an element of an actor's world model (sign) introduced in the first part of this study are considered. The process of forming the pair image--sign significance taking into account the modern understanding of the human brain cortex operation is investigated. An algorithm for synthesizing a behavior plan is constructed, and a novel architecture of intelligent agents that are able, among other things, to distribute roles in coalitions is proposed.},
author = {Osipov, G. S. and Panov, A. I. and Chudova, N. V.},
doi = {10.1134/S106423071505010X},
file = {:C$\backslash$:/Users/sanek/Documents/Mendeley Desktop/Osipov, Panov, Chudova/2015/Behavior Control as a Function of Consciousness. II. Synthesis of a Behavior Plan.pdf:pdf},
journal = {Journal of Computer and Systems Sciences International},
keywords = {14-11-00692,15-07-06214,mypubtr,scopus,wos{\_}core},
mendeley-tags = {14-11-00692,15-07-06214,mypubtr,scopus,wos{\_}core},
number = {6},
pages = {882--896},
title = {{Behavior Control as a Function of Consciousness. II. Synthesis of a Behavior Plan}},
url = {http://link.springer.com/article/10.1134/S106423071505010X},
volume = {54},
year = {2015}
}
@article{Panov2016d,
abstract = {В работе исследуется задача автоматического планирования в контексте более общей проблемы создания интеллектуальных систем управления сложными техническими объектами (мобильными роботами, беспилотными транспортными средствами и др.). Основное внимание уделяется задачам, которые не могут быть решены без взаимодействия методов стратегического (символьного) и тактического (субсимвольного) планирования. В работе предлагаются оригинальные методы планирования на символьном (психологически правдоподобное планирование поведения агента) и субсимвольном (планирование траектории) уровнях. Описываются способы их взаимной увязки и возникающие прямые и обратные связи. Приводится описание применения указанных алгоритмов на модельном примере задачи коллективного перемещения в динамической среде с разрушаемыми препятствиями.},
author = {Панов, А. И. and Яковлев, К. С.},
file = {:C$\backslash$:/Users/sanek/Documents/Mendeley Desktop/Панов, Яковлев/2016/Взаимодействие стратегического и тактического планирования поведения коалиций агентов в динамической среде.doc:doc;:C$\backslash$:/Users/sanek/Documents/Mendeley Desktop/Панов, Яковлев/2016/Взаимодействие стратегического и тактического планирования поведения коалиций агентов в динамической среде.pdf:pdf},
journal = {Искусственный интеллект и принятие решений},
keywords = {15-37-20893,16-37-60055,A*,JPS,LIAN,elibrary,frccsc,hse,mypub,vak,автоматическое планирование,знаковая картина мира,значение,интеллектуальное планирование,личностный смысл,образ,планирование,планирование поведения,планирование траектории,эвристический поиск},
language = {russian},
mendeley-tags = {15-37-20893,16-37-60055,elibrary,frccsc,hse,mypub,vak},
number = {4},
pages = {68--78},
title = {{Взаимодействие стратегического и тактического планирования поведения коалиций агентов в динамической среде}},
url = {http://aidt.ru/index.php?option=com{\_}content{\&}view=article{\&}id=740:a-i-panov-k-s-yakovlev-vzaimodejstvie-strategicheskogo-i-takticheskogo-planirovaniya-povedeniya-koalitsii-agentov-v-dinamicheskoj-srede{\&}catid=291:modelirovanie-povedeniya-i-upravlenie{\&}Itemid=},
year = {2016}
}
@inproceedings{Panov2009,
address = {Новосибирск},
author = {Панов, А. И.},
booktitle = {Материалы XLVII Международной научной студенческой конференции «Студент Физика, научно-технический прогресс»:},
keywords = {myth},
language = {russian},
mendeley-tags = {myth},
pages = {205},
publisher = {Новосиб. гос. ун-т},
title = {{Разработка программных средств семантической интеграции баз данных}},
year = {2009}
}
@inproceedings{Kuznetcova2012a,
address = {М.},
author = {Кузнецова, Ю. М. and Панов, А. И. and Петров, А. В. and Чудова, Н. В.},
booktitle = {V съезд Общероссийской общественной организации "Российское психологическое общество". Материалы участников съезда},
file = {:C$\backslash$:/Users/sanek/Documents/Mendeley Desktop/Кузнецова et al/2012/Элементы знакового опосредования в интеллектуальном агенте.pdf:pdf;:C$\backslash$:/Users/sanek/Documents/Mendeley Desktop/Кузнецова et al/2012/Элементы знакового опосредования в интеллектуальном агенте.doc:doc},
keywords = {myth},
language = {russian},
mendeley-tags = {myth},
pages = {490--491},
publisher = {Российское психологическое общество},
title = {{Элементы знакового опосредования в интеллектуальном агенте}},
year = {2012}
}
@article{Makarov2015a,
abstract = {В работе рассмотрен ряд вопросов, возникающих в области автоматизации управления малыми беспилотными летательными аппаратами (БПЛА) мультироторного типа. Предложена совокупность методов планирования и управления, рассмотрена задача организации взаимодействия различных методов и алгоритмов (авторских и известных) в единую интеллектуальную систему управления БПЛА. Предлагается использование трех уровней управления – стратегического, тактического и реактивного, описывается соответствующая архитектура – STRL (от англ. strategic, tactical, reactive, layered). Использование этой архитектуры позволит автоматизировать управление коалициями БПЛА при решении широкого круга задач в различных средах.},
author = {Макаров, Д. А. and Панов, А. И. and Яковлев, К. С.},
file = {:C$\backslash$:/Users/sanek/Documents/Mendeley Desktop/Макаров, Панов, Яковлев/2015/Архитектура многоуровневой интеллектуальной системы управления беспилотными летательными аппаратами.pdf:pdf;:C$\backslash$:/Users/sanek/Documents/Mendeley Desktop/Макаров, Панов, Яковлев/2015/Архитектура многоуровневой интеллектуальной системы управления беспилотными летательными аппаратами.doc:doc;:C$\backslash$:/Users/sanek/Documents/Mendeley Desktop/Макаров, Панов, Яковлев/2015/Архитектура многоуровневой интеллектуальной системы управления беспилотными летательными аппаратами.pdf:pdf},
journal = {Искусственный интеллект и принятие решений},
keywords = {14-11-00692,elibrary,mypub,vak,wos{\_}rsci,беспилотные летательные аппараты,знаковая картина мира,интеллектуальная система управления,многоуровневая архитектура,нелинейное управление,планирование траектории,уравнение Риккати},
language = {russian},
mendeley-tags = {14-11-00692,elibrary,mypub,vak,wos{\_}rsci},
number = {3},
pages = {18--33},
title = {{Архитектура многоуровневой интеллектуальной системы управления беспилотными летательными аппаратами}},
url = {https://elibrary.ru/item.asp?id=24876389},
year = {2015}
}
@inproceedings{Panov2015e,
abstract = {В работе строится и исследуется модель нейрофизиологических процессов, ответственных за формирование элемента картины мира субъекта деятельности – знака. Под знаком подразумевается элемент индивидуального знания, который в соответствии с культурно-историческим подходом Л.Н. Выготского и теорией деятельности А.Н. Леонтьева состоит из четырех компонент: имени, значения, образа и личностного смысла. Используется формальное определение знака, предложенное в работах Г.С. Осипова и др.},
address = {М.},
author = {Панов, А. И.},
booktitle = {Нейронауки и благополучие общества: технологические, экономические, биомедицинские и гуманитарные аспекты: Сборник материалов конференции},
file = {:C$\backslash$:/Users/sanek/Documents/Mendeley Desktop/Панов/2015/Моделирование нейрофизиологических процессов формирования компонент знака.pdf:pdf},
keywords = {15-07-06214,myth},
language = {russian},
mendeley-tags = {15-07-06214,myth},
pages = {105--106},
publisher = {РИЦ МГГУ им. М.А. Шолохова},
title = {{Моделирование нейрофизиологических процессов формирования компонент знака}},
year = {2015}
}
@incollection{Panov2016c,
abstract = {In this paper we outline the approach of solving special type of navigation tasks for robotic systems, when a coalition of robots (agents) acts in the 2D environment, which can be modified by the actions, and share the same goal location. The latter is originally unreachable for some members of the coalition, but the common task still can be accomplished as the agents can assist each other (e.g. by modifying the environment). We call such tasks smart relocation tasks (as the can not be solved by pure path planning methods) and study spatial and behavior interaction of robots while solving them. We use cognitive approach and introduce semiotic knowledge representation — sign world model which underlines behavioral planning methodology. Planning is viewed as a recursive search process in the hierarchical state-space induced by sings with path planning signs reside on the lowest level. Reaching this level triggers path planning which is accomplished by state of the art grid-based planners focused on producing smooth paths (e.g. LIAN) and thus indirectly guarantying feasibility of that paths against agent's dynamic constraints.},
author = {Panov, Aleksandr I. and Yakovlev, Konstantin},
booktitle = {Robot Intelligence Technology and Applications 4},
doi = {10.1007/978-3-319-31293-4_1},
editor = {Kim, Jong-Hwan and Karray, Fakhri and Jo, Jun and Sincak, Peter and Myung, Hyun},
file = {:C$\backslash$:/Users/sanek/Documents/Mendeley Desktop/Panov, Yakovlev/2016/Behavior and Path Planning for the Coalition of Cognitive Robots in Smart Relocation Tasks.pdf:pdf},
keywords = {14-07-31194,15-37-20893,behavior planning,coalition,elibrary,frccsc,knowledge representation,lian,myconf,path planning,scopus,semiotic model,sign world model,task planning,wos{\_}core},
mendeley-tags = {14-07-31194,15-37-20893,elibrary,frccsc,myconf,scopus,wos{\_}core},
pages = {3--20},
publisher = {Springer International Publishing},
series = {Advances in Intelligent Systems and Computing},
title = {{Behavior and Path Planning for the Coalition of Cognitive Robots in Smart Relocation Tasks}},
url = {http://link.springer.com/10.1007/978-3-319-31293-4{\_}1},
year = {2016}
}
@inproceedings{Kiselev2017b,
abstract = {В статье приводится аналитический обзор работ по многоагентному планированию, включающий исследования, связанные с построением координационных сообщений агентов, и исследования, основанные на когнитивном подходе к планированию действий гетерогенными агентами. В заключении приведен метод составления сообщений агентами на основе психологически правдоподобной модели представления знаний.},
address = {Казань},
author = {Киселев, Г. А. and Панов, А. И.},
booktitle = {Четвертый Всероссийский научно-практический семинар «Беспилотные транспортные средства с элементами искусственного интеллекта» (БТС-ИИ-2017, 5-6 октября 2017 г., г. Казань, Республика Татарстан, Россия): Труды семинара},
file = {:C$\backslash$:/Users/sanek/Documents/Mendeley Desktop/Киселев, Панов/2017/Планирование действий коалицией агентов коммуникационный аспект.doc:doc;:C$\backslash$:/Users/sanek/Documents/Mendeley Desktop/Киселев, Панов/2017/Планирование действий коалицией агентов коммуникационный аспект.pdf:pdf;:C$\backslash$:/Users/sanek/Documents/Mendeley Desktop/Киселев, Панов/2017/Планирование действий коалицией агентов коммуникационный аспект(2).pdf:pdf},
isbn = {978-5-93962-833-4},
keywords = {16-37-60055,17-07-00281,elibrary,frccsc,myconf},
language = {russian},
mendeley-tags = {16-37-60055,17-07-00281,elibrary,frccsc,myconf},
pages = {204--215},
publisher = {Центр инновационных технологий},
title = {{Планирование действий коалицией агентов: коммуникационный аспект}},
url = {http://2017.ai-uv.ru/images/proceedings/ai-uv-2017-book{\_}204-215.pdf https://elibrary.ru/item.asp?id=32438500},
year = {2017}
}
@article{Panov2014d,
abstract = {В статье рассматривается задача моделирования зрительного восприятия, приводятся основные принципы построения нисходящих моделей. На основе этих принципов приводится формальное определение распознающего блока, как базового математического объекта большинства моделей восприятия. Описывается алгоритм его работы, на основе которого строятся операторы распознавания. Проводится постановка классической статической и динамической задач распознавания и исследуются свойства корректности построенных операторов с использованием алгебраического подхода Ю.И. Журавлева.},
author = {Панов, А. И.},
file = {:C$\backslash$:/Users/sanek/Documents/Mendeley Desktop/Панов/2014/Алгебраические свойства операторов распознавания в моделях зрительного восприятия.pdf:pdf;:C$\backslash$:/Users/sanek/Documents/Mendeley Desktop/Панов/2014/Алгебраические свойства операторов распознавания в моделях зрительного восприятия(2).pdf:pdf},
journal = {Машинное обучение и анализ данных},
keywords = {14-07-31194,elibrary,mypub,иерархическое динамическое распознавание,компьютерное когнитивное моделирование,корректность операторов распознавания,распознавание образов},
language = {russian},
mendeley-tags = {14-07-31194,elibrary,mypub},
number = {7},
pages = {863--874},
title = {{Алгебраические свойства операторов распознавания в моделях зрительного восприятия}},
volume = {1},
year = {2014}
}
@article{2013,
abstract = {В сообщении представлена краткая характеристика современных когнитивных архитектур и систем управ- ления мобильными роботами. Проводится анализ основных характеристик этих систем, особое внимание уделяется отличиям от когнитивной архитектуры, разрабатываемой авторами.},
author = {Петров, А. В. and Панов, А. И. and Березовский, Р. Г.},
file = {:C$\backslash$:/Users/sanek/Documents/Mendeley Desktop/Петров, Панов, Березовский/2013/Когнитивные архитектуры и проекты систем управления автономных мобильных роботов.pdf:pdf;:C$\backslash$:/Users/sanek/Documents/Mendeley Desktop/Петров, Панов, Березовский/2013/Когнитивные архитектуры и проекты систем управления автономных мобильных роботов.docx:docx},
journal = {Вестник РГАТУ имени П.А. Соловьева},
keywords = {12-07-00611,elibrary,mypub,vak,автономное целеполагание,искусственный интеллект,когнитивные архитектуры,мобильные роботы,моделирование поведения},
language = {russian},
mendeley-tags = {12-07-00611,elibrary,mypub,vak},
number = {1},
pages = {111--113},
title = {{Когнитивные архитектуры и проекты систем управления автономных мобильных роботов}},
year = {2013}
}
@inproceedings{Panov2015b,
abstract = {В статье рассматриваются особенности представления пространственных и временных знаний автономными агентами в случае их коллективного взаимодействия на примере задачи согласованного перемещения группы беспилотных летательных аппаратов. Предлагается знаковый подход к описанию знаний агента, основанный на психологической теории деятельности и биологически правдоподобной иерархической модели распознавания. В предлагаемом подходе к представлению знаний необходимым образом используются как описания действий, так и процессы обучения на основе поступающей первичной информации. Приводится пример работы предлагаемого подхода в задаче совместного преодоления препятствий группой БПЛА.},
address = {Санкт-Петербург},
author = {Панов, А. И.},
booktitle = {Второй Всероссийский научно-практический семинар ``Беспилотные транспортные средства с элементами искусственного интеллекта (БТС-ИИ-2015)'', (9 октября 2015г., г. Санкт-Петербург, Россия): Труды семинара},
file = {:C$\backslash$:/Users/sanek/Documents/Mendeley Desktop/Панов/2015/Представление знаний в задачах согласованного перемещения группы БПЛА.pdf:pdf;:C$\backslash$:/Users/sanek/Documents/Mendeley Desktop/Панов/2015/Представление знаний в задачах согласованного перемещения группы БПЛА.doc:doc},
keywords = {14-07-31194,elibrary,frccsc,myconf,группа БПЛА,знак,иерархия автоматов,когнитивные процессы,представление знаний},
language = {russian},
mendeley-tags = {14-07-31194,elibrary,frccsc,myconf},
pages = {74--82},
publisher = {Изд-во ``Политехника-сервис''},
title = {{Представление знаний в задачах согласованного перемещения группы БПЛА}},
year = {2015}
}
@incollection{Ayunts2017,
abstract = {At the moment reinforcement learning have advanced signifi- cantly with discovering new techniques and instruments for training. This paper is devoted to the application convolutional and recurrent neural networks in the task of planning with reinforcement learning problem. The aim of the work is to check whether the neural networks are fit for this problem. During the experiments in a block environment the task was to move blocks to obtain the final arrangement which was the target. Significant part of the problem is connected with the determining on the reward function and how the results are depending in reward's calculation. The current results show that without modifying the initial problem into more straightforward ones neural networks didn't demonstrate stable learning process. In the paper a modified reward function with sub-targets and euclidian reward calculation was used for more precise reward determination. Results have shown that none of the tested architectures were not able to achieve goal.},
author = {Ayunts, Edward and Panov, Alekasndr I.},
booktitle = {Biologically Inspired Cognitive Architectures (BICA) for Young Scientists},
doi = {10.1007/978-3-319-63940-6_1},
editor = {Samsonovich, Alexei V. and Klimov, Valentin V.},
file = {:C$\backslash$:/Users/sanek/Documents/Mendeley Desktop/Ayunts, Panov/2017/Task Planning in “Block World” with Deep Reinforcement Learning(2).pdf:pdf},
isbn = {978-3-319-63939-0},
keywords = {16-37-60055,17-07-00281,frccsc,hse,myconf},
mendeley-tags = {16-37-60055,17-07-00281,frccsc,hse,myconf},
pages = {3--9},
publisher = {Springer International Publishing},
series = {Advances in Intelligent Systems and Computing},
title = {{Task Planning in “Block World” with Deep Reinforcement Learning}},
url = {http://link.springer.com/10.1007/978-3-319-63940-6{\_}1},
year = {2017}
}
@article{Petrov2012a,
abstract = {В статье дана постановка задачи моделирования основанного на сознании поведения автономного мобильного робота. Рассмотрены основные способы представления знаний, описана новая модель представления знаний на основе семиотических сетей. Предложена архитектура системы поведения мобильного робота на основе разрабатываемой модели поведения.},
author = {Петров, А. В. and Панов, А. И.},
file = {:C$\backslash$:/Users/sanek/Documents/Mendeley Desktop/Петров, Панов/2012/Моделирование поведения автономного мобильного робота.pdf:pdf;:C$\backslash$:/Users/sanek/Documents/Mendeley Desktop/Петров, Панов/2012/Моделирование поведения автономного мобильного робота.rtf:rtf},
journal = {Вестник РГАТУ имени П.А. Соловьева},
keywords = {12-07-00611,12-07-31057,elibrary,mypub,vak,архитектура системы управелния,знаковое опосредование,когнитивные процессы,моделирование поведения,семантические сети},
language = {russian},
mendeley-tags = {12-07-00611,12-07-31057,elibrary,mypub,vak},
number = {2},
pages = {179--185},
title = {{Моделирование поведения автономного мобильного робота}},
year = {2012}
}
@article{Panov2018b,
abstract = {Single-shot grid-based path finding is an important problem with the applications in robotics, video games etc. Typically in AI community heuristic search methods (based on A And its variations) are used to solve it. In this work we present the results of preliminary studies on how neural networks can be utilized to path planning on square grids, e.g. how well they can cope with path finding tasks by themselves within the well-known reinforcement problem statement. Conducted experiments show that the agent using neural Q-learning algorithm robustly learns to achieve the goal on small maps and demonstrate promising results on the maps have ben never seen by him before.},
author = {Panov, Aleksandr I. and Yakovlev, Konstantin S. and Suvorov, Roman},
doi = {10.1016/j.procs.2018.01.054},
file = {:C$\backslash$:/Users/sanek/Documents/Mendeley Desktop/Panov, Yakovlev, Suvorov/2018/Grid Path Planning with Deep Reinforcement Learning Preliminary Results(2).pdf:pdf},
journal = {Procedia Computer Science},
keywords = {16-11-00048,convolution networks,frccsc,hse,myconf,neural networks,path planning,q-learning,reinforcement learning,scopus},
mendeley-tags = {16-11-00048,frccsc,hse,myconf,scopus},
pages = {347--353},
title = {{Grid Path Planning with Deep Reinforcement Learning: Preliminary Results}},
url = {https://www.sciencedirect.com/science/article/pii/S1877050918300553},
volume = {123},
year = {2018}
}
@article{Panov2015a,
abstract = {A technique for retrieving causal connections of binary relationships from a set of fact bases is suggested. The fact bases are formed for the target properties of each class of objects. The class descriptions are formed by habituation on data from a loosely formalized object domain. The habituation is organized using a co-evolutional genetic algorithm that reduces the initial feature space. The cause?and?effect relationships for all target properties are sought by the formed optimized class descriptions using stage one of the DSM method. The suggested technique is suitable for the analysis of the full data in small amounts and large incomplete data arrays. Several model experiments using the MIMIC II medical database were conducted.},
author = {Panov, A. I. and Shvets, A. V. and Volkova, G. D.},
doi = {10.3103/S0147688215060039},
file = {:C$\backslash$:/Users/sanek/Documents/Mendeley Desktop/Panov, Shvets, Volkova/2015/A Technique for Retrieving Cause and Effect Relationships from Optimized Fact Bases.pdf:pdf},
journal = {Scientific and Technical Information Processing},
keywords = {13-07-12127,14-07-31194,mypubtr,scopus,wos{\_}core},
mendeley-tags = {13-07-12127,14-07-31194,mypubtr,scopus,wos{\_}core},
number = {6},
pages = {420--425},
title = {{A Technique for Retrieving Cause and Effect Relationships from Optimized Fact Bases}},
url = {http://link.springer.com/article/10.3103/S0147688215060039},
volume = {42},
year = {2015}
}
@inproceedings{Panov2014c,
address = {Калининград},
author = {Панов, А. И. and Петров, А. В.},
booktitle = {Шестая международная конференция по когнитивной науке: Тезисы докладов: Калининград, 23-27 июня 2014 г.},
file = {:C$\backslash$:/Users/sanek/Documents/Mendeley Desktop/Панов, Петров/2014/Аналитическое и целостное представление образов интеллектуальным агентом со знаковой картиной мира.pdf:pdf},
keywords = {12-07-00611,14-07-31194,myth},
language = {russian},
mendeley-tags = {12-07-00611,14-07-31194,myth},
pages = {466--468},
publisher = {Межрегиональная ассоциация когнитивных исследований (МАКИ)},
title = {{Аналитическое и целостное представление образов интеллектуальным агентом со знаковой картиной мира}},
year = {2014}
}
@inproceedings{Panov2012a,
address = {Калининград},
author = {Панов, А. И. and Петров, А. В.},
booktitle = {Пятая международная конференция по когнитивной науке: Тезисы докладов: Калининград, 18-24 июня 2012 г.},
file = {:C$\backslash$:/Users/sanek/Documents/Mendeley Desktop/Панов, Петров/2012/Моделирование потребностей и мотивов интеллектуального агента со знаковой картиной мира.pdf:pdf;:C$\backslash$:/Users/sanek/Documents/Mendeley Desktop/Панов, Петров/2012/Моделирование потребностей и мотивов интеллектуального агента со знаковой картиной мира.doc:doc},
keywords = {myth},
language = {russian},
mendeley-tags = {myth},
pages = {813--815},
publisher = {Межрегиональная ассоциация когнитивных исследований (МАКИ)},
title = {{Моделирование потребностей и мотивов интеллектуального агента со знаковой картиной мира}},
year = {2012}
}
@incollection{Filin2017,
abstract = {We present a model of Reinforcement Learning, which consists of modified neural-network architecture with spatio-temporal connections, known as Temporal Hebbian Self-Organizing Map (THSOM). A number of experiments were conducted to test the model on the maze solving problem. The algorithm demonstrates sustainable learning, building a near to optimal routes. This work describes an agents behavior in the mazes of different complexity and also influence of models parameters at the length of formed paths.},
author = {Filin, Dmitry and Panov, Aleksandr I.},
booktitle = {Biologically Inspired Cognitive Architectures (BICA) for Young Scientists},
doi = {10.1007/978-3-319-63940-6_8},
editor = {Samsonovich, Alexei V. and Klimov, Valentin V.},
file = {:C$\backslash$:/Users/sanek/Documents/Mendeley Desktop/Filin, Panov/2017/Applying a Neural Network Architecture with Spatio-Temporal Connections to the Maze Exploration.pdf:pdf;:C$\backslash$:/Users/sanek/Documents/Mendeley Desktop/Filin, Panov/2017/Applying a Neural Network Architecture with Spatio-Temporal Connections to the Maze Exploration(2).pdf:pdf},
keywords = {15-07-06214,16-37-60055,frccsc,hse,myconf,scopus},
mendeley-tags = {15-07-06214,16-37-60055,frccsc,hse,myconf,scopus},
pages = {57--64},
publisher = {Springer International Publishing},
series = {Advances in Intelligent Systems and Computing},
title = {{Applying a Neural Network Architecture with Spatio-Temporal Connections to the Maze Exploration}},
url = {http://link.springer.com/10.1007/978-3-319-63940-6{\_}8},
year = {2017}
}
@incollection{Kiselev2017a,
abstract = {The paper considers the task of the group's collective plan intellectual agents. Robotic systems are considered as agents, possessing a manipulator and acting with objects in a determined external environment. The MultiMAP planning algorithm proposed in the article is hierarchical. It is iterative and based on the original sign representation of knowledge about objects and processes, agents knowledge about themselfs and about other members of the group. For distribution actions between agents in general plan signs “I” and “Other” (“They”) are used. In conclusion, the results of experiments in the model problem “Blocksworld” for a group of several agents are presented.},
author = {Kiselev, Gleb A. and Panov, Aleksandr I.},
booktitle = {Interactive Collaborative Robotics},
doi = {10.1007/978-3-319-66471-2_10},
editor = {Ronzhin, A. and Rigoll, G. and Meshcheryakov, R.},
file = {:C$\backslash$:/Users/sanek/Documents/Mendeley Desktop/Kiselev, Panov/2017/Synthesis of the Behavior Plan for Group of Robots with Sign Based World Model.pdf:pdf;:C$\backslash$:/Users/sanek/Documents/Mendeley Desktop/Kiselev, Panov/2017/Synthesis of the Behavior Plan for Group of Robots with Sign Based World Model(2).pdf:pdf},
keywords = {16-11-00048,behavior planning,frccsc,group of robots,hse,multiagent planning,myconf,robots,scopus,sign,sign based world model,task planning},
mendeley-tags = {16-11-00048,frccsc,hse,myconf,scopus},
pages = {83--94},
publisher = {Springer},
series = {Lecture Notes in Computer Science},
title = {{Synthesis of the Behavior Plan for Group of Robots with Sign Based World Model}},
url = {https://link.springer.com/chapter/10.1007/978-3-319-66471-2{\_}10},
year = {2017}
}
@inproceedings{Panov2014a,
address = {М.},
author = {Панов, А. И.},
booktitle = {Интеллектуализация обработки информации: 10я международная конференция. Греция, о. Крит, 4–11 октября 2014 г.: Тезисы докладов.},
file = {:C$\backslash$:/Users/sanek/Documents/Mendeley Desktop/Панов/2014/Алгебраические свойства операторов распознавания в моделях зрительного восприятия динамических сцен.pdf:pdf},
keywords = {14-07-31194,elibrary,myth},
language = {russian},
mendeley-tags = {14-07-31194,elibrary,myth},
pages = {132--133},
publisher = {Торус Пресс},
title = {{Алгебраические свойства операторов распознавания в моделях зрительного восприятия динамических сцен}},
year = {2014}
}
@article{Chudova2017,
author = {Chudova, N. V. and Panov, A. I.},
doi = {10.3103/S014768821706003X},
file = {:C$\backslash$:/Users/sanek/Documents/Mendeley Desktop/Chudova, Panov/2017/Causal Inference in Psychological Data in the Case of Aggression(2).pdf:pdf},
issn = {0147-6882},
journal = {Scientific and Technical Information Processing},
keywords = {13-06-00658,aggression,aq rules,causal inference,cause and effect relationship,doi,frccsc,jsm method,machine learning,mypubtr,psychodiagnostics testing,scopus},
mendeley-tags = {13-06-00658,frccsc,mypubtr,scopus},
number = {6},
pages = {424--429},
title = {{Causal Inference in Psychological Data in the Case of Aggression}},
url = {https://link.springer.com/article/10.3103/S014768821706003X},
volume = {44},
year = {2017}
}
