Automatically generated by Mendeley Desktop 1.19.2
Any changes to this file will be lost if it is regenerated by Mendeley.

BibTeX export options can be customized via Options -> BibTeX in Mendeley Desktop

@article{VanderVelde2015,
author = {van der Velde, Frank},
doi = {10.1016/j.patrec.2015.02.008},
file = {:C$\backslash$:/Users/panov/Documents/Mendeley Desktop/Pattern Recognition Letters/van der Velde/van der Velde - 2015 - Computation and dissipative dynamical systems in neural networks for classification.pdf:pdf},
issn = {01678655},
journal = {Pattern Recognition Letters},
keywords = {Classification,Classical cognitive science vs. dyn},
pages = {44--52},
publisher = {Elsevier Ltd.},
title = {{Computation and dissipative dynamical systems in neural networks for classification}},
url = {http://linkinghub.elsevier.com/retrieve/pii/S0167865515000562},
volume = {64},
year = {2015}
}
