Automatically generated by Mendeley Desktop 1.19.2
Any changes to this file will be lost if it is regenerated by Mendeley.

BibTeX export options can be customized via Options -> BibTeX in Mendeley Desktop

@unpublished{Raikov1995,
author = {Райков, А. Н.},
file = {:C$\backslash$:/Users/panov/Documents/Mendeley Desktop/Unknown/Райков/Райков - 2010 - Квантовая семантика.pdf:pdf},
language = {russian},
pages = {1--22},
title = {{Квантовая семантика}},
year = {2010}
}
@unpublished{Redozubov2014,
author = {Редозубов, А.},
file = {:C$\backslash$:/Users/panov/Documents/Mendeley Desktop/Unknown/Редозубов/Редозубов - 2014 - Паттерно-волновая модель мозга. Механизмы обработки информации, организация памяти.pdf:pdf},
language = {russian},
pages = {1--45},
title = {{Паттерно-волновая модель мозга. Механизмы обработки информации, организация памяти}},
year = {2014}
}
@inproceedings{Raikov2014,
address = {М.},
author = {Райков, А. Н.},
booktitle = {XII всероссийское совещание по проблемам управления ВСПУ-2014},
file = {:C$\backslash$:/Users/panov/Documents/Mendeley Desktop/XII всероссийское совещание по проблемам управления ВСПУ-2014/Райков/Райков - 2014 - Топологическая семантика инсайта.pdf:pdf},
language = {russian},
pages = {4165--4170},
title = {{Топологическая семантика инсайта}},
year = {2014}
}
@incollection{Dubois1998,
abstract = {The brain is a neurological device capable to carry out distributed computation and express cognition. The computational models of consciousness and cognition have potential applications in bio-inspired computing paradigm. This paper proposes a computational model of consciousness as a cognitive function following neurophysiology and elements of distributed computing. It is illustrated that the distributed computational model of consciousness has a basis in the quantum mechanical models in explaining the neurological cognitive functions. The transitions between the computing model and quantum basis are explained and analyzed considering different linear Hermitian operators.},
author = {Bagchi, Susmit},
booktitle = {Artificial Intelligence and Soft Computing},
doi = {10.1007/978-3-642-13208-7},
editor = {Rutkowski, Leszek and Korytkowski, Marcin and Scherer, Rafal and Tadeusiewicz, Ryszard and Zadeh, Lotfi A. and Jacek, Zurada M.},
file = {:C$\backslash$:/Users/panov/Documents/Mendeley Desktop/Artificial Intelligence and Soft Computing/Bagchi/Bagchi - 2015 - On the Convergence of Quantum and Distributed Computational Models of Consciousness.pdf:pdf},
isbn = {9783642132070},
keywords = {cognition,consciousness,distributed computing,hermitian,mechanics,quantum,quantum mechanics},
pages = {71--78},
publisher = {Springer International Publishing},
series = {Lecture Notes in Computer Science},
title = {{On the Convergence of Quantum and Distributed Computational Models of Consciousness}},
url = {http://www.springerlink.com/content/15202tv751321p51/},
year = {2015}
}
@book{Saveliev2005,
address = {М.},
author = {Савельев, С.В.},
file = {:C$\backslash$:/Users/panov/Documents/Mendeley Desktop/Unknown/Савельев/Савельев - 2005 - Происхождение мозга.pdf:pdf},
isbn = {5946240250},
language = {russian},
pages = {368},
publisher = {Веди},
title = {{Происхождение мозга}},
year = {2005}
}
