Automatically generated by Mendeley Desktop 1.19.2
Any changes to this file will be lost if it is regenerated by Mendeley.

BibTeX export options can be customized via Options -> BibTeX in Mendeley Desktop

@book{Vorontcov2005,
author = {Воронцов, К. В.},
file = {:C$\backslash$:/Users/panov/Documents/Mendeley Desktop/Unknown/Воронцов/Воронцов - 2005 - LATEX 2e в примерах.pdf:pdf},
isbn = {0123456789},
language = {russian},
pages = {59},
title = {{LATEX 2e в примерах}},
year = {2005}
}
@techreport{Tantau2013,
author = {Tantau, Till and Wright, Joseph and Miletic, Vedran},
file = {:C$\backslash$:/Users/panov/Documents/Mendeley Desktop/Unknown/Tantau, Wright, Miletic/Tantau, Wright, Miletic - 2013 - The beamer class.pdf:pdf},
pages = {1--245},
title = {{The beamer class}},
year = {2013}
}
@book{Lvovskyy2003,
author = {Львовский, С. М.},
edition = {3-е изд.},
file = {:C$\backslash$:/Users/panov/Documents/Mendeley Desktop/Unknown/Львовский/Львовский - 2003 - Набор и вёрстка в системе LaTeX.pdf:pdf},
language = {russian},
pages = {448},
title = {{Набор и вёрстка в системе LaTeX}},
year = {2003}
}
@book{Sutkin2002,
author = {Сюткин, Владимир},
file = {:C$\backslash$:/Users/panov/Documents/Mendeley Desktop/Unknown/Сюткин/Сюткин - 2002 - Набор математических формул в LATEX 2e.pdf:pdf},
language = {russian},
pages = {46},
title = {{Набор математических формул в LATEX 2e}},
year = {2002}
}
@book{Knut2003,
address = {М.},
author = {Кнут, Д.},
file = {:C$\backslash$:/Users/panov/Documents/Mendeley Desktop/Unknown/Кнут/Кнут - 2003 - Все про TeX.djvu:djvu},
language = {russian},
pages = {560},
publisher = {Издательский дом "Вильямс"},
title = {{Все про TeX}},
year = {2003}
}
