Automatically generated by Mendeley Desktop 1.19.2
Any changes to this file will be lost if it is regenerated by Mendeley.

BibTeX export options can be customized via Options -> BibTeX in Mendeley Desktop

@inproceedings{Lifschitz2008,
author = {Lifschitz, Vladimir},
booktitle = {AAAI 2008},
file = {:C$\backslash$:/Users/panov/Documents/Mendeley Desktop/AAAI 2008/Lifschitz/Lifschitz - 2008 - What Is Answer Set Programming.pdf:pdf},
pages = {1594--1597},
title = {{What Is Answer Set Programming?}},
year = {2008}
}
@book{1986,
author = {Акулич, И. Л.},
file = {:C$\backslash$:/Users/panov/Documents/Mendeley Desktop/Unknown/Акулич/Акулич - 1986 - Математическое программирование в примерах и задачах.pdf:pdf},
language = {russian},
pages = {319},
publisher = {Высшая школа},
title = {{Математическое программирование в примерах и задачах}},
year = {1986}
}
@book{2008a,
author = {Карманов, В Г},
file = {:C$\backslash$:/Users/panov/Documents/Mendeley Desktop/Unknown/Карманов/Карманов - 2008 - Математическое программирование.pdf:pdf},
isbn = {9785922109833},
language = {russian},
pages = {264},
publisher = {Физматлит},
title = {{Математическое программирование}},
year = {2008}
}
@book{2013a,
author = {Кормен, Т. and Лейзерсон, Ч. and Ривест, Р. and Штайн, К.},
edition = {3-е},
file = {:C$\backslash$:/Users/panov/Documents/Mendeley Desktop/Unknown/Кормен et al/Кормен et al. - 2013 - Алгоритмы построение и анализ.pdf:pdf;:C$\backslash$:/Users/panov/Documents/Mendeley Desktop/Unknown/Кормен et al/Кормен et al. - 2013 - Алгоритмы построение и анализ.djvu:djvu},
language = {russian},
pages = {1328},
publisher = {ООО "И.Д. Вильямс"},
title = {{Алгоритмы: построение и анализ}},
year = {2013}
}
