Automatically generated by Mendeley Desktop 1.19.2
Any changes to this file will be lost if it is regenerated by Mendeley.

BibTeX export options can be customized via Options -> BibTeX in Mendeley Desktop

@book{Deutsch2001,
address = {Ижевск},
author = {Дойч, Д.},
file = {:C$\backslash$:/Users/panov/Documents/Mendeley Desktop/Unknown/Дойч/Дойч - 2001 - Структура реальности.pdf:pdf},
isbn = {5-93972-040-4},
language = {russian},
pages = {400},
publisher = {НИЦ РХД},
title = {{Структура реальности}},
translator = {Зубченко, Н. А.},
year = {2001}
}
@misc{Coecke2005,
abstract = {These lecture notes survey some joint work with Samson Abramsky as it was presented by me at several conferences in the summer of 2005. It concerns `doing quantum mechanics using only pictures of lines, squares, triangles and diamonds'. This picture calculus can be seen as a very substantial extension of Dirac's notation, and has a purely algebraic counterpart in terms of so-called Strongly Compact Closed Categories (introduced by Abramsky and I in quant-ph/0402130 and [4]) which subsumes my Logic of Entanglement quant-ph/0402014. For a survey on the `what', the `why' and the `hows' I refer to a previous set of lecture notes quant-ph/0506132. In a last section we provide some pointers to the body of technical literature on the subject.},
archivePrefix = {arXiv},
arxivId = {quant-ph/0510032},
author = {Coecke, Bob},
booktitle = {http://arxiv.org/abs/quant-ph/0510032},
eprint = {0510032},
file = {:C$\backslash$:/Users/panov/Documents/Mendeley Desktop/httparxiv.orgabsquant-ph0510032/Coecke/Coecke - 2005 - Kindergarten Quantum Mechanics.pdf:pdf},
keywords = {-a quantum information,-w quantum mechanics,03,65,67,category theory,dirac notation,graphical calculus,logic,pacs,quantum formalism},
pages = {18},
primaryClass = {quant-ph},
title = {{Kindergarten Quantum Mechanics}},
url = {http://arxiv.org/abs/quant-ph/0510032},
urldate = {2014-09-27},
year = {2005}
}
@book{Milnor2000,
address = {Ижевск},
author = {Милнор, Дж.},
file = {:C$\backslash$:/Users/panov/Documents/Mendeley Desktop/Unknown/Милнор/Милнор - 2000 - Голоморфная динамика. Вводные лекции.pdf:pdf},
language = {russian},
pages = {320},
publisher = {Регулярная и хаотическая динамика},
title = {{Голоморфная динамика. Вводные лекции}},
year = {2000}
}
@book{Vigner1961,
address = {М.},
author = {Вигнер, Е.},
file = {:C$\backslash$:/Users/panov/Documents/Mendeley Desktop/Unknown/Вигнер/Вигнер - 1961 - Теория групп и её приложения к квантовомеханической теории атомных спектров.pdf:pdf},
language = {russian},
pages = {444},
publisher = {Издательство иностранной литературы},
title = {{Теория групп и её приложения к квантовомеханической теории атомных спектров}},
year = {1961}
}
@article{Vershik2004,
author = {Вершик, А. М.},
file = {:C$\backslash$:/Users/panov/Documents/Mendeley Desktop/Записки научного семинара ПОМИ/Вершик/Вершик - 2004 - Метрика Канторовича начальная история и малоизвестные применения.pdf:pdf},
journal = {Записки научного семинара ПОМИ},
language = {russian},
pages = {69--85},
title = {{Метрика Канторовича: начальная история и малоизвестные применения}},
volume = {312},
year = {2004}
}
@article{Nakamoto2008,
abstract = {Abstract. A purely peer-to-peer version of electronic cash would allow online payments to be sent directly from one party to another without going through a financial institution. Digital signatures provide part of the solution, but the main benefits are lost if a trusted third party is still required to prevent double-spending. We propose a solution to the double-spending problem using a peer-to-peer network. The network timestamps transactions by hashing them into an ongoing chain of hash-based proof-of-work, forming a record that cannot be changed without redoing the proof-of-work. The longest chain not only serves as proof of the sequence of events witnessed, but proof that it came from the largest pool of CPU power. As long as a majority of CPU power is controlled by nodes that are not cooperating to attack the network, they'll generate the longest chain and outpace attackers. The network itself requires minimal structure. Messages are broadcast on a best effort basis, and nodes can leave and rejoin the network at will, accepting the longest proof-of-work chain as proof of what happened while they were gone.},
archivePrefix = {arXiv},
arxivId = {43543534534v343453},
author = {Nakamoto, Satoshi},
doi = {10.1007/s10838-008-9062-0},
eprint = {43543534534v343453},
file = {:C$\backslash$:/Users/panov/Documents/Mendeley Desktop/Www.Bitcoin.Org/Nakamoto/Nakamoto - 2008 - Bitcoin A Peer-to-Peer Electronic Cash System.pdf:pdf},
isbn = {978-972-757-716-3},
issn = {09254560},
journal = {Www.Bitcoin.Org},
pages = {9},
pmid = {14533183},
title = {{Bitcoin: A Peer-to-Peer Electronic Cash System}},
url = {https://bitcoin.org/bitcoin.pdf},
year = {2008}
}
@article{Bogdanov2012,
author = {Богданов, Ю. И. and Кокин, А. А. and Лукичев, В. Ф. and Орликовский, А. А. and Семенихин, И. А. and Чернявский, А. Ю. and Аннотация.},
file = {:C$\backslash$:/Users/panov/Documents/Mendeley Desktop/Информационные технологии и вычислительные системы/Богданов et al/Богданов et al. - 2012 - Квантовая механика и развитие информационных технологий.pdf:pdf},
journal = {Информационные технологии и вычислительные системы},
language = {russian},
number = {1},
pages = {17--31},
title = {{Квантовая механика и развитие информационных технологий}},
year = {2012}
}
@book{Barut1980b,
address = {М.},
author = {Барут, А. and Рончак, Р.},
file = {:C$\backslash$:/Users/panov/Documents/Mendeley Desktop/Unknown/Барут, Рончак/Барут, Рончак - 1980 - Теори представления групп и её приложения. Том 1.pdf:pdf},
language = {russian},
pages = {452},
publisher = {Мир},
title = {{Теори представления групп и её приложения. Том 1}},
year = {1980}
}
@book{Kudryavtcev1985,
address = {М.},
author = {Кудрявцев, В. Б. and Алешин, С. В. and Подколзин, А. С.},
language = {russian},
pages = {320},
publisher = {Наука},
title = {{Введение в теорию автоматов}},
year = {1985}
}
@book{2017c,
author = {Ершов, А. В},
file = {:C$\backslash$:/Users/panov/Documents/Mendeley Desktop/Unknown/Ершов/Ершов - 2017 - Тензоры учебно-методическое пособие.pdf:pdf},
title = {{Тензоры: учебно-методическое пособие}},
year = {2017}
}
@book{Barut1980a,
address = {М.},
author = {Барут, А. and Рончак, Р.},
file = {:C$\backslash$:/Users/panov/Documents/Mendeley Desktop/Unknown/Барут, Рончак/Барут, Рончак - 1980 - Теория представлений групп и её приложения. Том 2.pdf:pdf},
language = {russian},
pages = {393},
publisher = {Мир},
title = {{Теория представлений групп и её приложения. Том 2}},
year = {1980}
}
@book{Loskutov2007,
address = {Ижевск},
author = {Лоскутов, А. Ю. and Михайлов, А. С.},
file = {:C$\backslash$:/Users/panov/Documents/Mendeley Desktop/Unknown/Лоскутов, Михайлов/Лоскутов, Михайлов - 2007 - Основы теории сложных систем.pdf:pdf},
language = {russian},
pages = {620},
publisher = {Институт компьютерных исследований},
title = {{Основы теории сложных систем}},
year = {2007}
}
@book{Keisler1977,
address = {М.},
author = {Кейслер, Г. and Чэн, Ч. Ч.},
file = {:C$\backslash$:/Users/panov/Documents/Mendeley Desktop/Unknown/Кейслер, Чэн/Кейслер, Чэн - 1977 - Теория моделей.pdf:pdf},
language = {russian},
pages = {614},
publisher = {Мир},
title = {{Теория моделей}},
year = {1977}
}
@book{2013a,
author = {Кормен, Т. and Лейзерсон, Ч. and Ривест, Р. and Штайн, К.},
edition = {3-е},
file = {:C$\backslash$:/Users/panov/Documents/Mendeley Desktop/Unknown/Кормен et al/Кормен et al. - 2013 - Алгоритмы построение и анализ.pdf:pdf;:C$\backslash$:/Users/panov/Documents/Mendeley Desktop/Unknown/Кормен et al/Кормен et al. - 2013 - Алгоритмы построение и анализ.djvu:djvu},
language = {russian},
pages = {1328},
publisher = {ООО "И.Д. Вильямс"},
title = {{Алгоритмы: построение и анализ}},
year = {2013}
}
@book{Dudakov2009,
author = {Дудаков, Сергей Михайлович},
file = {:C$\backslash$:/Users/panov/Documents/Mendeley Desktop/Unknown/Дудаков/Дудаков - 2009 - Основы теории моделей.pdf:pdf},
language = {russian},
pages = {291},
title = {{Основы теории моделей}},
year = {2009}
}
@incollection{Ershov1987,
address = {М.},
author = {Ершов, Ю. Л. and Самохвалов, К. Ф.},
booktitle = {Закономерности развития современной математики: методологические аспекты},
file = {:C$\backslash$:/Users/panov/Documents/Mendeley Desktop/Закономерности развития современной математики методологические аспекты/Ершов, Самохвалов/Ершов, Самохвалов - 1987 - О новом подходе к методологии математики.pdf:pdf},
language = {russian},
pages = {85--105},
publisher = {Наука},
title = {{О новом подходе к методологии математики}},
year = {1987}
}
@book{2004b,
author = {Шарипов, Р. А},
file = {:C$\backslash$:/Users/panov/Documents/Mendeley Desktop/Unknown/Шарипов/Шарипов - 2004 - Быстрое введение в тензорный анализ.pdf:pdf},
title = {{Быстрое введение в тензорный анализ}},
year = {2004}
}
@article{Bykova2008b,
author = {Быкова, В. В.},
doi = {10.16282/j.cnki.cn11-9336/r.2016.30.013},
file = {:C$\backslash$:/Users/panov/Documents/Mendeley Desktop/Журн. СФУ. Сер. Матем. и физ/Быкова/Быкова - 2008 - Математические методы анализа рекурсивных алгоритмов.pdf:pdf},
journal = {Журн. СФУ. Сер. Матем. и физ.},
language = {russian},
number = {3},
pages = {236--246},
title = {{Математические методы анализа рекурсивных алгоритмов}},
volume = {1},
year = {2008}
}
@book{Shumtcer1974,
author = {Шмутцер, Э.},
file = {:C$\backslash$:/Users/panov/Documents/Mendeley Desktop/Unknown/Шмутцер/Шмутцер - 1974 - Симметрия и законы сохранения в физике.pdf:pdf},
language = {russian},
pages = {159},
title = {{Симметрия и законы сохранения в физике}},
year = {1974}
}
@article{Kolda2008,
abstract = {This survey provides an overview of higher-order tensor decompositions, their applications, and available software. A tensor is a multidimensional or N-way array. Decompositions of higher-order tensors (i.e., N-way arrays with N ≥ 3) have applications in psychometrics, chemometrics, signal processing, numerical linear algebra, computer vision, numerical analysis, data mining, neuroscience, graph analysis, and elsewhere. Two particular tensor decompositions can be considered to be higher-order extensions of the matrix singular value decomposition:CANDECOMP/PARAFAC (CP) decomposes a tensor as a sum of rank-one tensors, and the Tucker decomposition is a higher-order form of principal component analysis. There are many other tensor decompositions, including INDSCAL, PARAFAC2, CANDELINC, DEDICOM, and PARATUCK2 as well as nonnegative variants of all of the above. The N-way Toolbox, Tensor Toolbox, and Multilinear Engine are examples of software packages for working with tensors.},
author = {Kolda, Tamara G. and Bader, Brett W.},
doi = {10.1137/07070111X},
file = {:C$\backslash$:/Users/panov/Documents/Mendeley Desktop/SIAM Review/Kolda, Bader/Kolda, Bader - 2008 - Tensor Decompositions and Applications.pdf:pdf},
isbn = {0036-1445},
issn = {0036-1445},
journal = {SIAM Review},
keywords = {15A69,15a69,65F99,65f99,ams subject classifications,candecomp,canonical decomposition,canonical decomposition (CANDECOMP),computer software,decomposition (mathematics),higher-order principal components analysis,higher-order principal components analysis (Tucker,higher-order singular value decomposition,higher-order singular value decomposition (HOSVD),hosvd,multilinea,multilinear algebra,multiway arrays,orthogonal arrays,parafac,parallel factors,parallel factors (PARAFAC),principal components analysis,tensor decompositions,tensor products,tucker},
number = {3},
pages = {455--500},
title = {{Tensor Decompositions and Applications}},
url = {http://epubs.siam.org/doi/abs/10.1137/07070111X},
volume = {51},
year = {2008}
}
@phdthesis{2011,
author = {Оселедец, И. В.},
file = {:C$\backslash$:/Users/panov/Documents/Mendeley Desktop/Unknown/Оселедец/Оселедец - 2011 - Вычислительные тензорные методы и их применения.pdf:pdf},
language = {russian},
school = {Институт вычислительной математики РАН},
title = {{Вычислительные тензорные методы и их применения}},
year = {2011}
}
@book{Puterman1994,
author = {Puterman, Martin L.},
file = {:C$\backslash$:/Users/panov/Documents/Mendeley Desktop/Unknown/Puterman/Puterman - 1994 - Markov Decision Processes Discrete Stochastic Dynamic Programming.pdf:pdf},
isbn = {978-0-471-72782-8},
pages = {684},
publisher = {Wiley},
title = {{Markov Decision Processes: Discrete Stochastic Dynamic Programming}},
year = {1994}
}
@article{Mensky2000,
author = {Менский, М. Б.},
file = {:C$\backslash$:/Users/panov/Documents/Mendeley Desktop/Успехи физических наук/Менский/Менский - 2000 - Квантовая механика новые эксперименты, новые приложения и новые формулировки старых вопрсов.pdf:pdf},
journal = {Успехи физических наук},
language = {russian},
number = {6},
pages = {631--648},
title = {{Квантовая механика: новые эксперименты, новые приложения и новые формулировки старых вопрсов}},
volume = {170},
year = {2000}
}
@book{Kalman1971,
address = {М.},
author = {Калман, Р. and Фалб, П. and Арбиб, М.},
language = {russian},
publisher = {Мир},
title = {{Очерки по математической теории систем}},
year = {1971}
}
@phdthesis{Jilyakova2013a,
author = {Жилякова, Л. Ю.},
file = {:C$\backslash$:/Users/panov/Documents/Mendeley Desktop/Unknown/Жилякова/Жилякова - 2013 - Реусурсные сети и анализ их динамики.pdf:pdf},
language = {russian},
pages = {305},
school = {ИПУ РАН},
title = {{Реусурсные сети и анализ их динамики}},
year = {2013}
}
@article{Eriksson2009,
author = {Eriksson, Karl-Erik},
doi = {10.1088/0953-4075/42/8/085001},
file = {:C$\backslash$:/Users/panov/Documents/Mendeley Desktop/Journal of Physics B Atomic, Molecular and Optical Physics/Eriksson/Eriksson - 2009 - Stochastic final-state dynamics of widening entanglement—a possible description of quantum measurement.pdf:pdf},
issn = {0953-4075},
journal = {Journal of Physics B: Atomic, Molecular and Optical Physics},
number = {8},
pages = {085001},
title = {{Stochastic final-state dynamics of widening entanglement—a possible description of quantum measurement}},
url = {http://stacks.iop.org/0953-4075/42/i=8/a=085001?key=crossref.d41fa4031b6a308fc5b04297332eb1e0},
volume = {42},
year = {2009}
}
@article{Levich2008,
author = {Левич, А. П.},
file = {:C$\backslash$:/Users/panov/Documents/Mendeley Desktop/Системы и модели границы интерпретаций/Левич/Левич - 2008 - Язык категорий и функторов как архетип количественного и динамического описания Мира.pdf:pdf},
journal = {Системы и модели: границы интерпретаций},
language = {russian},
pages = {25--33},
title = {{Язык категорий и функторов как архетип количественного и динамического описания Мира}},
year = {2008}
}
@article{Eremenko1989,
author = {Еременко, А. Э. and Любич, М. Ю.},
file = {:C$\backslash$:/Users/panov/Documents/Mendeley Desktop/Алгебра и анализ/Еременко, Любич/Еременко, Любич - 1989 - Динамика аналитических преобразований.pdf:pdf},
journal = {Алгебра и анализ},
language = {russian},
number = {3},
pages = {1--70},
title = {{Динамика аналитических преобразований}},
volume = {1},
year = {1989}
}
@book{Haar1974,
address = {М.},
author = {тер Хаар, Д.},
file = {:C$\backslash$:/Users/panov/Documents/Mendeley Desktop/Unknown/Хаар/Хаар - 1974 - Основы гамильтоновой динамики.pdf:pdf},
language = {russian},
pages = {225},
publisher = {Наука},
title = {{Основы гамильтоновой динамики}},
year = {1974}
}
