Automatically generated by Mendeley Desktop 1.17.13
Any changes to this file will be lost if it is regenerated by Mendeley.

BibTeX export options can be customized via Options -> BibTeX in Mendeley Desktop

@incollection{Gardner2007,
author = {Зорина, Зоя Александровна},
booktitle = {Коммуникативные системы животных и язык человека. Проблема происхождения языка},
editor = {Кошелев, А. Д. and Черниговская, Т. В.},
file = {:C$\backslash$:/Users/sanek/Documents/Mendeley Desktop/Зорина/2008/Экспериментальные исследования возможности диалога между человеком и человекообразной обезьяной.pdf:pdf},
language = {russian},
pages = {136--171},
series = {Разумное поведение и язык},
title = {{Экспериментальные исследования возможности диалога между человеком и человекообразной обезьяной}},
year = {2008}
}
@article{Zorina2001,
author = {Зорина, Зоя Александровна and Смирнова, А. А. and Лазарева, О. Ф.},
file = {:C$\backslash$:/Users/sanek/Documents/Mendeley Desktop/Зорина, Смирнова, Лазарева/2001/Умеют ли вороны считать.pdf:pdf},
journal = {Природа},
language = {russian},
number = {2},
pages = {72--79},
title = {{Умеют ли вороны считать?}},
year = {2001}
}
@book{Zorina2002,
address = {М.},
author = {Зорина, Зоя Александровна and Полетаева, Инга Игоревна},
file = {:C$\backslash$:/Users/sanek/Documents/Mendeley Desktop/Зорина, Полетаева/2002/Элементарное мышление животных Учебное пособие.pdf:pdf},
isbn = {5756701354},
language = {russian},
pages = {320},
publisher = {Аспект Пресс},
title = {{Элементарное мышление животных: Учебное пособие}},
year = {2002}
}
@book{2005a,
address = {М.},
edition = {4-е},
editor = {Мешкова, Н. Н. and Федорович, Е. Ю.},
file = {:C$\backslash$:/Users/sanek/Documents/Mendeley Desktop/Unknown/2005/Хрестоматия по зоопсихологии и сравнительной психологии.pdf:pdf},
isbn = {5936920348},
language = {russian},
pages = {376},
publisher = {УМК ``Психология''},
title = {{Хрестоматия по зоопсихологии и сравнительной психологии}},
year = {2005}
}
@article{Smirnova2011,
author = {Смирнова, А. А.},
file = {:C$\backslash$:/Users/sanek/Documents/Mendeley Desktop/Смирнова/2011/О способности птиц к символизации.pdf:pdf},
journal = {Зоологический журнал},
language = {russian},
number = {7},
pages = {803--810},
title = {{О способности птиц к символизации}},
volume = {90},
year = {2011}
}
