Automatically generated by Mendeley Desktop 1.17.13
Any changes to this file will be lost if it is regenerated by Mendeley.

BibTeX export options can be customized via Options -> BibTeX in Mendeley Desktop

@inproceedings{Andreichuk2016,
abstract = {Задача планирования траектории обычно рассматривается в искусственном интеллекте как задача поиска пути на графе особой структуры, и все известные алгоритмы предполагают получение в качестве ответа путь, если таковой существует, или же специального ответа «пути не существует» в противном случае. При этом в ряде задач, например при планировании совокупности траекторий для множества интеллектуальных агентов, обладающих различными возможностями взаимодействия с окружающей средой, необходимо знать почему пути не существует. Если, это обусловлено наличием блокирующего препятствия, то последнее может быть разрушено одним из участником коалиции агентов и ранее не решаемая задача планирования теперь может иметь ответ. Таким образом проблема идентификации блокирующего препятствия при планировании становится актуальной и востребованной. Исследованию и разработке методов решения этой проблемы и посвящена настоящая работа.},
address = {Тверь},
author = {Андрейчук, А. А. and Яковлев, К. С.},
booktitle = {Информатика, управление и системный анализ: Труды IV Всероссийской научной конференции молодых учёных с международным участием},
file = {:C$\backslash$:/Users/sanek/Documents/Mendeley Desktop/Андрейчук, Яковлев/2016/Методы идентификации блокирующего препятствия в задачах планирования траектории.pdf:pdf},
keywords = {16-11-00048},
language = {russian},
mendeley-tags = {16-11-00048},
pages = {96--105},
publisher = {Тверской государственный технический университет},
title = {{Методы идентификации блокирующего препятствия в задачах планирования траектории}},
volume = {I},
year = {2016}
}
@phdthesis{2016,
author = {Князев, А. В.},
file = {:C$\backslash$:/Users/sanek/Documents/Mendeley Desktop/Князев/2016/Управление мобильной платформой KUKA YOUBOT с использованием программных средств Labview.pdf:pdf},
language = {russian},
pages = {53},
school = {МЭИ},
title = {{Управление мобильной платформой KUKA YOUBOT с использованием программных средств Labview}},
year = {2016}
}
