Automatically generated by Mendeley Desktop 1.19.2
Any changes to this file will be lost if it is regenerated by Mendeley.

BibTeX export options can be customized via Options -> BibTeX in Mendeley Desktop

@article{Gorodetsky2009,
abstract = {В работе рассматривается технология построения прикладных систем группового управления, со- стоящих из большого числа автономных подсистем, организованных в сеть, узлы которой могут работать под управлением различных операционных систем и в различных коммуникационных средах. Технология интегрирует подходы распределенного принятия решений, многоагентных систем, ориентированной на сервис архитектуры и вычислений на основе парных взаимодействий. Технология поддерживается инструментальными средствами, ко- торые обеспечивают эффективную разработку агентов и механизмов их взаимодействия. Приводятся примеры использования технологии в ряде приложений, в частности, для автономного управления воздушным движением в районе аэропорта.},
author = {Городецкий, В. И. and Карсаев, О. В. and Самойлов, В. В. and Серебряков, С. В.},
file = {:C$\backslash$:/Users/panov/Documents/Mendeley Desktop/Искусственный интеллект и принятие решений/Городецкий et al/Городецкий et al. - 2009 - Прикладные многоагентные системы группового управления.pdf:pdf},
journal = {Искусственный интеллект и принятие решений},
language = {russian},
number = {2},
pages = {3--24},
title = {{Прикладные многоагентные системы группового управления}},
year = {2009}
}
@inproceedings{Roncone2017,
abstract = {Collaborative robots represent a clear added value to manufacturing, as they promise to increase productivity and improve working conditions of such environments. Although modern robotic systems have become safe and reliable enough to operate close to human workers on a day-to-day basis, the workload is still skewed in favor of a limited contribution from the robot's side, and a significant cognitive load is allotted to the human. We believe the transition from robots as recipients of human instruction to robots as capable collaborators hinges around the implementation of transparent systems, where mental models about the task are shared between peers, and the human partner is freed from the responsibility of taking care of both actors. In this work, we implement a transparent task planner able to be deployed in realistic, near-future applications. The proposed framework is capable of basic reasoning capabilities for what concerns role assignment and task allocation, and it interfaces with the human partner at the level of abstraction he is most comfortable with. The system is readily available to non-expert users, and programmable with high-level commands in an intuitive interface. Our results demonstrate an overall improvement in terms of completion time, as well as a reduced cognitive load for the human partner.},
author = {Roncone, Alessandro and Mangin, Olivier and Scassellati, Brian},
booktitle = {Proceedings - IEEE International Conference on Robotics and Automation},
doi = {10.1109/ICRA.2017.7989122},
file = {:C$\backslash$:/Users/panov/Documents/Mendeley Desktop/Proceedings - IEEE International Conference on Robotics and Automation/Roncone, Mangin, Scassellati/Roncone, Mangin, Scassellati - 2017 - Transparent role assignment and task allocation in human robot collabo.pdf:pdf},
isbn = {9781509046331},
issn = {10504729},
keywords = {Human Factors and H,Social Human-Robot Interaction},
pages = {1014--1021},
publisher = {IEEE},
title = {{Transparent role assignment and task allocation in human robot collaboration}},
year = {2017}
}
@inproceedings{Vo2009,
abstract = {Despite the large body of work in both motion planning and multi-agent simulation, little work has focused on the problem of planning motion for groups of robots using external ¿controller¿ agents. We call this problem the group control problem. This problem is complex because it is highly underactuated, dynamic, and requires multi-agent cooperation. In this paper, we present a variety of new motion planning algorithms based on EST, RRT, and PRM methods for shepherds to guide flocks of robots through obstacle-filled environments. We show using simulation on several environments that under certain circumstances, motion planning can find paths that are too complicated for nai¿ve ¿simulation only¿ approaches. However, inconsistent results indicate that this problem is still in need of additional study.},
author = {Vo, Christopher and Harrison, Joseph F. and Lien, Jyh Ming},
booktitle = {2009 IEEE/RSJ International Conference on Intelligent Robots and Systems, IROS 2009},
doi = {10.1109/IROS.2009.5354032},
file = {:C$\backslash$:/Users/panov/Documents/Mendeley Desktop/2009 IEEERSJ International Conference on Intelligent Robots and Systems, IROS 2009/Vo, Harrison, Lien/Vo, Harrison, Lien - 2009 - Behavior-based motion planning for group control.pdf:pdf},
isbn = {9781424438044},
pages = {3768--3773},
title = {{Behavior-based motion planning for group control}},
year = {2009}
}
@inproceedings{Serrano2012,
abstract = {We propose a novel method for assessing the reputation of agents in multiagent systems that is capable of exploiting the structure and semantics of rich agent interaction protocols and agent communication languages. Our method is based on using so-called conversation models, i.e. succinct, qualitative models of agents' behaviours derived from the application of data mining techniques on protocol execution data in a way that takes advantage of the semantics of interagent communication available in many multiagent systems. Contrary to existing systems, which only allow for querying agents regarding their assessment of others' reputation in an outcome-based way (often limited to distinguishing between "successful" and "unsuccessful" interactions), our method allows for contextualised queries regarding the structure of past interactions, the values of content variables, and the behaviour of agents across different protocols. Moreover, this is achieved while preserving maximum privacy for the reputation querying agent and the witnesses queried, and without requiring a common definition of reputation, trust or reliability among the agents exchanging reputation information. A case study shows that, even with relatively simple reputation measures, our qualitative method outperforms quantitative approaches, proving that we can meaningfully exploit the additional information afforded by rich interaction protocols and agent communication semantics. Copyright {\textcopyright} 2012, International Foundation for Autonomous Agents and Multiagent Systems (www.ifaamas.org). All rights reserved.},
author = {Serrano, Emilio and Rovatsos, Michael and Botia, Juan},
booktitle = {Proceedings of the 11th International Conference on Autonomous Agents and Multiagent Systems},
file = {:C$\backslash$:/Users/panov/Documents/Mendeley Desktop/Proceedings of the 11th International Conference on Autonomous Agents and Multiagent Systems/Serrano, Rovatsos, Botia/Serrano, Rovatsos, Botia - 2012 - A qualitative reputation system for multiagent systems w.pdf:pdf},
keywords = {agent communication,data mining,trust and reputation},
pages = {307--314},
title = {{A qualitative reputation system for multiagent systems with protocol-based communication}},
volume = {1},
year = {2012}
}
@article{Huynh2006,
abstract = {Abstract Trust and reputation are central to effective interactions in open multi-agent systems (MAS) in which agents, that are owned by a variety of stakeholders, continuously enter and leave the system. This openness means existing trust and reputation models cannot readily be used since their performance suffers when there are various (unforseen) changes in the environment. To this end, this paper presents FIRE, a trust and reputation model that integrates a number of information sources to produce a comprehensive assessment of an agents likely performance in open systems. Specifically, FIRE incorporates interaction trust, role-based trust, witness reputation, and certified reputation to provide trust metrics in most circumstances. FIRE is empirically evaluated and is shown to help agents gain better utility (by effectively selecting appropriate interaction partners) than our benchmarks in a variety of agent populations. It is also shown that FIRE is able to effectively respond to changes that occur in an agents environment.},
author = {Huynh, Trung Dong and Jennings, Nicholas R. and Shadbolt, Nigel R.},
doi = {10.1007/s10458-005-6825-4},
file = {:C$\backslash$:/Users/panov/Documents/Mendeley Desktop/Autonomous Agents and Multi-Agent Systems/Huynh, Jennings, Shadbolt/Huynh, Jennings, Shadbolt - 2006 - An integrated trust and reputation model for open multi-agent systems.pdf:pdf},
isbn = {1387-2532},
issn = {1387-2532},
journal = {Autonomous Agents and Multi-Agent Systems},
keywords = {Multi-agent systems,Reputation,Trust},
month = {sep},
number = {2},
pages = {119--154},
pmid = {8581365399728019542},
title = {{An integrated trust and reputation model for open multi-agent systems}},
url = {http://link.springer.com/10.1007/s10458-005-6825-4},
volume = {13},
year = {2006}
}
@article{Hayes2016b,
abstract = {Collaboration between humans and robots requires solutions to an array of challenging problems, including multi-agent planning, state estimation, and goal inference. There already exist feasible solutions for many of these challenges, but they depend upon having rich task models. In this work we detail a novel type of Hierarchical Task Network we call a Clique/Chain HTN (CC-HTN), alongside an algorithm for autonomously constructing them from topological properties derived from graphical task representations. As the presented method relies on the structure of the task itself, our work imposes no particular type of symbolic insight into motor primitives or environmental representation, making it applicable to a wide variety of use cases critical to human-robot interaction. We present evaluations within a multi-resolution goal inference task and a transfer learning application showing the utility of our approach.},
author = {Hayes, Bradley and Scassellati, Brian},
doi = {10.1109/ICRA.2016.7487760},
file = {:C$\backslash$:/Users/panov/Documents/Mendeley Desktop/Proceedings - IEEE International Conference on Robotics and Automation/Hayes, Scassellati/Hayes, Scassellati - 2016 - Autonomously constructing hierarchical task networks for planning and human-robot collabor.pdf:pdf},
isbn = {9781467380263},
issn = {10504729},
journal = {Proceedings - IEEE International Conference on Robotics and Automation},
pages = {5469--5476},
title = {{Autonomously constructing hierarchical task networks for planning and human-robot collaboration}},
volume = {2016-June},
year = {2016}
}
@article{Gorodetsky2007,
abstract = {Данная работа представляет реализованную авторами P2P агентскую плат- форму, экземпляры которой, установленные в узлах сети поверх стандартного P2P серви- са, образуют распределенную базу знаний, предназначенную для организации семантическо- го P2P взаимодействия агентов. Прикладные агенты, в свою очередь, устанавливаются в узлах сети поверх экземпляров агентской платформы. В основу разработки положены функциональная архитектура, разработанная рабочей группой FIPA в качестве предложе- ния для последующей программной реализации и стандартизации. Разработанная про- граммная реализация платформы поддерживается также механизмом парных взаимодейст- вий агентов на основе сообщений разработанных форматов, а также парных коммуникаций узлов сети. Такой механизмом парных взаимодействий агентов также разработан автора- ми. Роль, функции и существо процессов функционирования этой платформы поясняется на примерах двух приложений, которые сами по себе являются достаточно важными с практи- ческой точки зрения. Эти же приложения использованы для верификации основных решений, предложенных в работе.},
author = {Городецкий, В. И. and Карсаев, О. В. and Самойлов, В. В. and Серебряков, С. В.},
file = {:C$\backslash$:/Users/panov/Documents/Mendeley Desktop/Труды СПИИРАН/Городецкий et al/Городецкий et al. - 2007 - Открытые сети агентов.pdf:pdf},
journal = {Труды СПИИРАН},
language = {russian},
number = {4},
pages = {11--35},
title = {{Открытые сети агентов}},
year = {2007}
}
@article{2017a,
abstract = {Системы комического наблюдения являются важным источником информации, необ- ходимой для оперативного решения широкого круга задач гражданского и военного назначе- ния. Эффективность функционирования таких систем зависит от многих факторов. Наряду с множеством технических, информационных, технологических, инфраструктурных, эконо- мических и других факторов, их эффективность в значительной степени зависит от качест- ва планирования миссий космических аппаратов и управления в реальном времени процессом исполнения миссии. В работе сформулирована проблема построения самоорганизующейся системы группового управления поведением кластера малых спутников, реализующего авто- номное исполнение заявок на сервис по добыванию информации о наземных объектах средст- вами космического наблюдения. В ней предлагается новая концепция группового управления в системе космического наблюдения. В основу этой концепции положен принцип самоорганиза- ции группового поведения кластера спутников. Такая система управления оказывается в со- стоянии реализовать автономное планирование и оперативное управления космической груп- пировкой, в которой все базовые функции процесса управления реализуются ее бортовыми средствами. Теоретический фундамент этой концепции строится на моделях коллективной робототехники, которые в настоящее время активно развиваются в области многоагент- ных систем. В работе приведен краткий обзор современного состояния исследований в об- ласти систем управления кластерами малых спутников, дана достаточно общая постановка задачи, в которой кластер малых спутников рассматривается как полностью автономная система, предназначенная для выполнения заказов на сбор и доставку космической информа- ции о наземных объектах. При этом полагается, что система управления самостоятельно в реальном времени распределяет задачи наблюдения на множестве спутников группировки, планирует и составляет расписание выполнения наблюдений в соответствии с пространст- венно-временными требованиями заказчика, выполняет оперативное управление распреде- ленным исполнением построенного расписания и выполняет коррекцию распределения задач и расписания их выполнения при возникновении нештатных ситуаций. В работе дано деталь- ное описание разработанной концепции самоорганизующейся системы группового управления кластером малых спутников, и архитектуры ее программной реализации.},
author = {Городецкий, В. И. and Карасев, О. В.},
doi = {10.18522/2311-3103-2017-1-234247},
file = {:C$\backslash$:/Users/panov/Documents/Mendeley Desktop/Известия ЮФУ. Технические науки/Городецкий, Карасев/Городецкий, Карасев - 2017 - Самоорганизация группового поведения кластера малых спутников распределенной системы наблюдения.pdf:pdf},
issn = {23113103},
journal = {Известия ЮФУ. Технические науки},
keywords = {Малый спутник,автономная миссия,блюдения,динамическая коммуникационная сеть.,задача наблюдения,коллективное поведение,парное взаимо- действие спутников,распределенная система на-,ресурсы спутника,самоорганизация},
language = {russian},
month = {jan},
number = {2},
pages = {234--247},
title = {{Самоорганизация группового поведения кластера малых спутников распределенной системы наблюдения}},
url = {http://izv-tn.tti.sfedu.ru/wp-content/uploads/2017/1/19.pdf},
volume = {187},
year = {2017}
}
@incollection{Lorini2010,
author = {Lorini, Emiliano and Verdicchio, Mario},
booktitle = {Coordination, Organizations, Institutions and Norms in Agent Systems V},
doi = {10.1007/978-3-642-14962-7_10},
file = {:C$\backslash$:/Users/panov/Documents/Mendeley Desktop/Coordination, Organizations, Institutions and Norms in Agent Systems V/Lorini, Verdicchio/Lorini, Verdicchio - 2010 - Towards a Logical Model of Social Agreement for Agent Societies.pdf:pdf},
isbn = {3642149618},
issn = {03029743},
pages = {147--162},
title = {{Towards a Logical Model of Social Agreement for Agent Societies}},
url = {http://link.springer.com/10.1007/978-3-642-14962-7{\_}10},
year = {2010}
}
@inproceedings{Cacace2015,
abstract = {In human-robot interactive scenarios communication and col- laboration during task execution are crucial issues. Since the human be- havior is unpredictable and ambiguous, an interactive robotic system is to continuously interpret intentions and goals adapting its executive and communicative processes according to the users behaviors. In this work, we propose an integrated system that exploits attentional mechanisms to flexibly adapt planning and executive processes to the multimodal human-robot interaction.},
author = {Cacace, Jonathan and Caccavale, Riccardo and Fiore, Michelangelo and Alam, Rachid},
booktitle = {Proceedings of the 2nd Italian Workshop on Artificial Intelligence and Robotics},
editor = {Alberto, Finzi and Mastrogiovanni, Fulvio and Orlandini, Andrea and Sgorbissa, Antonio},
file = {:C$\backslash$:/Users/panov/Documents/Mendeley Desktop/Proceedings of the 2nd Italian Workshop on Artificial Intelligence and Robotics/Cacace et al/Cacace et al. - 2015 - Attentional Plan Execution for Human-Robot Cooperation.pdf:pdf},
pages = {19--28},
series = {CEUR Workshop Proceedings},
title = {{Attentional Plan Execution for Human-Robot Cooperation}},
year = {2015}
}
@article{Huang2017,
abstract = {Our ultimate goal is to efficiently enable end-users to correctly anticipate a robot's behavior in novel situations. This behavior is often a direct result of the robot's underlying objective function. Our insight is that end-users need to have an accurate mental model of this objective function in order to understand and predict what the robot will do. While people naturally develop such a mental model over time through observing the robot act, this familiarization process may be lengthy. Our approach reduces this time by having the robot model how people infer objectives from observed behavior, and then selecting those behaviors that are maximally informative. The problem of computing a posterior over objectives from observed behavior is known as Inverse Reinforcement Learning (IRL), and has been applied to robots learning human objectives. We consider the problem where the roles of human and robot are swapped. Our main contribution is to recognize that unlike robots, humans will not be $\backslash$emph{\{}exact{\}} in their IRL inference. We thus introduce two factors to define candidate approximate-inference models for human learning in this setting, and analyze them in a user study in the autonomous driving domain. We show that certain approximate-inference models lead to the robot generating example behaviors that better enable users to anticipate what the robot will do in test situations. Our results also suggest, however, that additional research is needed in modeling how humans extrapolate from examples of robot behavior.},
archivePrefix = {arXiv},
arxivId = {1702.03465},
author = {Huang, Sandy H. and Held, David and Abbeel, Pieter and Dragan, Anca D.},
doi = {10.15607/RSS.2017.XIII.059},
eprint = {1702.03465},
file = {:C$\backslash$:/Users/panov/Documents/Mendeley Desktop/Unknown/Huang et al/Huang et al. - 2017 - Enabling Robots to Communicate their Objectives.pdf:pdf},
isbn = {1234567245},
issn = {15737527},
month = {feb},
title = {{Enabling Robots to Communicate their Objectives}},
url = {http://arxiv.org/abs/1702.03465},
year = {2017}
}
@article{Auslander2014a,
abstract = {Executing complex plans for coordinating the behaviors of multiple heterogeneous agents often requires setting several parameters. For example, we are developing a decision aid for deploying a set of autonomous vehicles to perform situation assessment in a disaster relief operation. Our system, the Situated Decision Process (SDP), uses parameterized plans to coordinate these vehicles. However, no model exists for setting the values of these parameters. We describe a case-based reasoning solution for this problem and report on its utility in simulated scenarios, given a case library that represents only a small percentage of the problem space. We found that our agents, when executing plans generated using our case-based algorithm on problems with high uncertainty, performed significantly better than when executing plans using baseline approaches.},
author = {Auslander, Brian and Apker, Thomas and Aha, David W},
file = {:C$\backslash$:/Users/panov/Documents/Mendeley Desktop/Proceedings of the Twenty-Second International Conference on Case-Based Reasoning/Auslander, Apker, Aha/Auslander, Apker, Aha - 2014 - Case-Based Parameter Selection for Plans Coordinating Autonomous Vehicle.pdf:pdf},
isbn = {03029743 (ISSN)},
issn = {16113349},
journal = {Proceedings of the Twenty-Second International Conference on Case-Based Reasoning},
keywords = {case-based reasoning,parameter selection,robotic control},
pages = {32--47},
title = {{Case-Based Parameter Selection for Plans: Coordinating Autonomous Vehicle Teams}},
volume = {2},
year = {2014}
}
@article{Adams2018,
author = {Adams, Julie A},
file = {:C$\backslash$:/Users/panov/Documents/Mendeley Desktop/Proc. ofthe 17th International Conference on Autonomous Agents and Multiagent Systems (AAMAS 2018)/Adams/Adams - 2018 - Task Fusion Heuristics for Coalition Formation and Planning Robotics Track.pdf:pdf;:C$\backslash$:/Users/panov/Documents/Mendeley Desktop/Proc. ofthe 17th International Conference on Autonomous Agents and Multiagent Systems (AAMAS 2018)/Adams/Adams - 2018 - Task Fusion Heuristics for Coalition Formation and Planning Robotics Track.jpg:jpg},
journal = {Proc. ofthe 17th International Conference on Autonomous Agents and Multiagent Systems (AAMAS 2018)},
keywords = {coalition formation,continuous planning,temporal planning},
pages = {2198--2200},
title = {{Task Fusion Heuristics for Coalition Formation and Planning Robotics Track}},
year = {2018}
}
@incollection{Palamara2009,
author = {Palamara, Pier Francesco and Ziparo, Vittorio a and Iocchi, Luca and Nardi, Daniele and Lima, Pedro},
booktitle = {RoboCup 2008: Robot Soccer World Cup XII},
editor = {Iocchi, Luca and Matsubara, Hitoshi and Weitzenfeld, Alfredo and Zhou, Changjiu},
file = {:C$\backslash$:/Users/panov/Documents/Mendeley Desktop/RoboCup 2008 Robot Soccer World Cup XII/Palamara et al/Palamara et al. - 2009 - Teamwork Design Based on Petri Net Plans.pdf:pdf},
pages = {200--211},
publisher = {Springer Berlin Heidelberg},
series = {Lecture Notes in Computer Science},
title = {{Teamwork Design Based on Petri Net Plans}},
year = {2009}
}
