Automatically generated by Mendeley Desktop 1.19.2
Any changes to this file will be lost if it is regenerated by Mendeley.

BibTeX export options can be customized via Options -> BibTeX in Mendeley Desktop

@inproceedings{Kuzmin2018a,
address = {Ростов-на-Дону},
author = {Кузьмин, В. Ф.},
booktitle = {Информатика, управление и системный анализ: Труды V Всероссийской научной конференции молодых учёных с международным участием},
file = {:C$\backslash$:/Users/panov/Documents/Mendeley Desktop/Информатика, управление и системный анализ Труды V Всероссийской научной конференции молодых учёных с международным участием/Кузьмин/Кузьмин - 2018 - Нейронные сети в иерархическом обучении с подкреплением.pdf:pdf},
keywords = {17-29-07079},
language = {russian},
mendeley-tags = {17-29-07079},
pages = {179--188},
publisher = {Мини-Тайп},
title = {{Нейронные сети в иерархическом обучении с подкреплением}},
year = {2018}
}
