% Sign world model

@article{Osipov2015d,
abstract = {Рассматриваются процедуры формирования элемента картины мира субъекта деятельности (знака), введенные в первой части работы. Исследуется процесс формирование пары образ – значение знака с учетом современных представлений о строении и функционировании коры головного мозга человека. Строится алгоритм синтеза плана поведения и предлагается новая архитектура интеллектуальных агентов, обладающих, в частности, способностями к распределению ролей в коалициях.},
author = {Осипов, Г. С. and Панов, А. И. and Чудова, Н. В.},
doi = {10.7868/S0002338815050108},
file = {:C$\backslash$:/Users/sanek/Documents/Mendeley Desktop/Известия Российский академии наук. Теория и системы управления/2015/Осипов, Панов, Чудова - 2015.pdf:pdf},
isbn = {0002-3388},
journal = {Известия Российский академии наук. Теория и системы управления},
keywords = {14-11-00692,15-07-06214,elibrary,mypub,vak},
language = {russian},
mendeley-groups = {my{\_}publications},
mendeley-tags = {14-11-00692,15-07-06214,elibrary,mypub,vak},
number = {6},
pages = {47--61},
title = {{Управление поведением как функция сознания. II. Синтез плана поведения}},
year = {2015}
}

@article{Osipov2014c,
abstract = {Рассматриваются функции, которые в психологии принято относить к функциям сознания. К числу таких функций относятся рефлексия, осознание мотива деятельности, целеполагание, синтез целенаправленного поведения и некоторые иные. Описание опирается на понятие знака, достаточно широко используемое в психологии, в частности, в культурно-исторической теории Л.С.Выготского, где знак понимается неформальным образом. В настоящей работе уточняется понятие знака, рассматриваются механизмы формирования знаков и некоторые процедуры самоорганизации на множестве знаков. Благодаря работе механизмов самоорганизации возникает новый способ представления картины мира субъекта деятельности. Вводится понятие семиотической сети, которое используется для исследования картин мира субъектов. Строятся модели некоторых из указанных выше функций. Вторая часть статьи посвящена функциям самосознания и применению построенных моделей для задачи синтеза плана и построения новых архитектур интеллектуальных агентов, обладающих, в частности, способностями к распределению ролей в коалициях.},
author = {Осипов, Г. С. and Панов, А. И. and Чудова, Н. В.},
doi = {10.7868/S000233881404012X},
file = {:C$\backslash$:/Users/sanek/Documents/Mendeley Desktop/Известия Российской академии наук. Теория и системы управления/2014/Осипов, Панов, Чудова - 2014.doc:doc;:C$\backslash$:/Users/sanek/Documents/Mendeley Desktop/Известия Российской академии наук. Теория и системы управления/2014/Осипов, Панов, Чудова - 2014.pdf:pdf},
issn = {0002-3388},
journal = {Известия Российской академии наук. Теория и системы управления},
keywords = {12-07-00611,elibrary,mypub,vak},
language = {russian},
mendeley-groups = {my{\_}publications},
mendeley-tags = {12-07-00611,elibrary,mypub,vak},
number = {4},
pages = {49--62},
title = {{Управление поведением как функция сознания. I. Картина мира и целеполагание}},
url = {http://elibrary.ru/item.asp?doi=10.7868/S000233881404012X},
year = {2014}
}

@inproceedings{Osipov2016,
	author = {Осипов, Г. С.},
	booktitle = {Гибридные и синергетические интеллектуальные системы: Материалы III Всероссийской Поспеловской конференции с международным участием},
	editor = {Колесников, А. В.},
	file = {:C$\backslash$:/Users/sanek/Documents/Mendeley Desktop/Гибридные и синергетические интеллектуальные системы Материалы III Всероссийской Поспеловской конференции с международным участием/2016/Осипов - 2016.pdf:pdf},
	keywords = {15-07-06214,osipov},
	language = {russian},
	mendeley-groups = {Cogntive approach/Cognitive computer modeling},
	mendeley-tags = {15-07-06214,osipov},
	pages = {56--69},
	publisher = {Издательство БФУ им. Иммануила Канта},
	title = {{Знаковые модели как альтернатива символьным}},
	year = {2016}
}

@inproceedings{Osipov2015b,
	abstract = {Уточняется понятие знака, достаточно широко используемое в психологии, в частности, в культурно-исторической теории Л. С. Выготского, где знак понимается неформальным образом. Рассмотрены процедуры формирования знаков и самоорганизация на множестве знаков. Результатом самоорганизации является новый способ описания картины мира субъекта деятельности. На основе предложенной картины мира строятся модели некоторых функций сознания.},
	address = {Челябинск},
	author = {Осипов, Г. С.},
	booktitle = {Информационные технологии и системы: Труды Четвертой международной научной конференции},
	editor = {Попков, Ю. С. and Мельников, А. В.},
	file = {:C$\backslash$:/Users/sanek/Documents/Mendeley Desktop/Информационные технологии и системы Труды Четвертой международной научной конференции/2015/Осипов - 2015.pdf:pdf},
	keywords = {15-07-06214,osipov},
	language = {russian},
	mendeley-groups = {Cogntive approach/Cognitive computer modeling},
	mendeley-tags = {15-07-06214,osipov},
	pages = {94--100},
	publisher = {Изд-во Челяб. гос. ун–та},
	title = {{Когнитивное метамоделирование}},
	year = {2015}
}

% Sign world model in robotics
@article{Zubarev2013,
abstract = {В статье рассматриваются и анализируются различные подходы к построению архитектуры системы управления беспилотным летательным аппаратом типа «вертолет». На основании проведенного анализа делается вывод о целесообразности применения иерархической, трехуровневой схемы – стратегический уровень, тактический уровень, уровень управления. Описываются решаемые на каждом уровне задачи и дается краткая характеристика методов, подходов и алгоритмов, потенциально применимых для их решения, выделяются наиболее перспективные на взгляд авторов методы и подходы.},
author = {Зубарев, Д. В. and Макаров, Д. А. and Панов, А. И. and Яковлев, К. С.},
file = {:C$\backslash$:/Users/sanek/Documents/Mendeley Desktop/Авиакосмическое приборостроение/2013/Зубарев et al. - 2013.pdf:pdf;:C$\backslash$:/Users/sanek/Documents/Mendeley Desktop/Авиакосмическое приборостроение/2013/Зубарев et al. - 2013.docx:docx},
journal = {Авиакосмическое приборостроение},
keywords = {12-07-00611,12-07-31057,12-07-31058,elibrary,mypub,алгоритмы управления,архитектура системы управления,беспилотные летательные аппараты,вертолеты,когнитивное компьютерное моделирование,методы планирования траекторий,регуляторы},
language = {russian},
mendeley-groups = {my{\_}publications},
mendeley-tags = {12-07-00611,12-07-31057,12-07-31058,elibrary,mypub},
number = {4},
pages = {10--28},
title = {{Принципы построения многоуровневых архитектур систем управления беспилотными летательными аппаратами}},
year = {2013}
}


@article{Makarov2015a,
	abstract = {В работе рассмотрен ряд вопросов, возникающих в области автоматизации управления малыми беспилотными летательными аппаратами (БПЛА) мультироторного типа. Предложена совокупность методов планирования и управления, рассмотрена задача организации взаимодействия различных методов и алгоритмов (авторских и известных) в единую интеллектуальную систему управления БПЛА. Предлагается использование трех уровней управления – стратегического, тактического и реактивного, описывается соответствующая архитектура – STRL (от англ. strategic, tactical, reactive, layered). Использование этой архитектуры позволит автоматизировать управление коалициями БПЛА при решении широкого круга задач в различных средах.},
	author = {Макаров, Д. А. and Панов, А. И. and Яковлев, К. С.},
	file = {:C$\backslash$:/Users/sanek/Documents/Mendeley Desktop/Искусственный интеллект и принятие решений/2015/Макаров, Панов, Яковлев - 2015.pdf:pdf;:C$\backslash$:/Users/sanek/Documents/Mendeley Desktop/Искусственный интеллект и принятие решений/2015/Макаров, Панов, Яковлев - 2015.doc:doc;:C$\backslash$:/Users/sanek/Documents/Mendeley Desktop/Искусственный интеллект и принятие решений/2015/Макаров, Панов, Яковлев - 2015.pdf:pdf},
	journal = {Искусственный интеллект и принятие решений},
	keywords = {14-11-00692,elibrary,mypub,vak,беспилотные летательные аппараты,знаковая картина мира,интеллектуальная система управления,многоуровневая архитектура,нелинейное управление,планирование траектории,уравнение Риккати},
	language = {russian},
	mendeley-groups = {my{\_}publications},
	mendeley-tags = {14-11-00692,elibrary,mypub,vak},
	number = {3},
	pages = {18--33},
	title = {{Архитектура многоуровневой интеллектуальной системы управления беспилотными летательными аппаратами}},
	year = {2015}
}

% Planning

@article{Panov2015g,
	abstract = {Рассматриваются особенности представления пространственных и временных знаний для планирования согласованного перемещения коалиции интеллектуальных агентов. В качестве примера подобной задачи рассмотрен перелет группы беспилотных летательных аппаратов в заданную область на местности с препятствиями. Рассматривается знаковый подход к описанию знаний агента, основанный на психологической теории деятельности и биологически правдоподобной иерархической модели распознавания. Особое внимание уделено описанию действий и процессам обучения на основе поступающей первичной информации.},
	author = {Панов, А. И.},
	file = {:C$\backslash$:/Users/sanek/Documents/Mendeley Desktop/Робототехника и техническая кибернетика/2015/Панов - 2015.docx:docx;:C$\backslash$:/Users/sanek/Documents/Mendeley Desktop/Робототехника и техническая кибернетика/2015/Панов - 2015.pdf:pdf},
	journal = {Робототехника и техническая кибернетика},
	keywords = {14-07-31194,elibrary,mypub,группа БПЛА,знак,иерархия автоматов,когнитивные процессы,представление знаний},
	language = {russian},
	mendeley-groups = {my{\_}publications},
	mendeley-tags = {14-07-31194,elibrary,mypub},
	number = {4(9)},
	pages = {34--40},
	title = {{Представление знаний автономных агентов, планирующих согласованные перемещения}},
	year = {2015}
}

@article{Panov2016b,
	abstract = {Behavior planning is known to be one of the basic cognitive functions, which is essential for any cognitive architecture of any control system used in robotics. At the same time most of the widespread planning algorithms employed in those systems are developed using only approaches and models of Artificial Intelligence and don't take into account numerous results of cognitive experiments. As a result, there is a strong need for novel methods of behavior planning suitable for modern cognitive architectures aimed at robot control. One such method is presented in this work and is studied within a special class of navigation task called smart relocation task. The method is based on the hierarchical two-level model of abstraction and knowledge representation, e.g. symbolic and subsymbolic. On the symbolic level sign world model is used for knowledge representation and hierarchical planning algorithm, MAP, is utilized for planning. On the subsymbolic level the task of path planning is considered and solved as a graph search problem. Interaction between both planners is examined and inter-level interfaces and feedback loops are described. Preliminary experimental results are presented.},
	author = {Panov, Aleksandr I. and Yakovlev, Konstantin S.},
	doi = {10.1016/j.procs.2016.07.414},
	file = {:C$\backslash$:/Users/sanek/Documents/Mendeley Desktop/Procedia Computer Science/2016/Panov, Yakovlev - 2016.pdf:pdf},
	issn = {1877-0509},
	journal = {Procedia Computer Science},
	keywords = {16-11-00048,behavior planning,computer cognitive modeling,map,mypub,path planning,planner,scopus,sign world model,theory of activity},
	mendeley-groups = {my{\_}publications},
	mendeley-tags = {16-11-00048,mypub,scopus},
	pages = {(In Press)},
	title = {{Psychologically inspired planning method for smart relocation task}},
	volume = {88},
	year = {2016}
}

@article{Panov2016d,
abstract = {В работе исследуется задача автоматического планирования в контексте более общей проблемы создания интеллектуальных систем управления сложными техническими объектами (мобильными роботами, беспилотными транспортными средствами и др.). Основное внимание уделяется задачам, которые не могут быть решены без взаимодействия методов стратегического (символьного) и тактического (субсимвольного) планирования. В работе предлагаются оригинальные методы планирования на символьном (психологически правдоподобное планирование поведения агента) и субсимвольном (планирование траектории) уровнях. Описываются способы их взаимной увязки и возникающие прямые и обратные связи. Приводится описание применения указанных алгоритмов на модельном примере задачи коллективного перемещения в динамической среде с разрушаемыми препятствиями.},
author = {Панов, А. И. and Яковлев, К. С.},
file = {:C$\backslash$:/Users/sanek/Documents/Mendeley Desktop/Искусственный интеллект и принятие решений/2016/Панов, Яковлев - 2016.doc:doc},
journal = {Искусственный интеллект и принятие решений},
keywords = {15-37-20893,16-37-60055,A*,JPS,LIAN,mypub,vak,автоматическое планирование,знаковая картина мира,значение,интеллектуальное планирование,личностный смысл,образ,планирование,планирование поведения,планирование траектории,эвристический поиск},
language = {russian},
mendeley-groups = {my{\_}publications},
mendeley-tags = {15-37-20893,16-37-60055,mypub,vak},
number = {4},
pages = {(В печати)},
title = {{Взаимодействие стратегического и тактического планирования поведения коалиций агентов в динамической среде}},
year = {2016}
}

% Learning in SWM
@incollection{Skrynnik2016,
abstract = {Hierarchical temporal memory is an online machine learning model that simulates some of the structural and algorithmic properties of neocortex. The new implementa- tion of hierarchical temporal memory is proposed in the paper. The main distinction of the implementation is chain extraction module that complements the spatial and temporal polling modules of HTM. The new module simplifies cross-level regions connection implementation (e.g. feedback). An experiment is also described to illus- trate how hierarchical temporal memory with explicit states extraction works.},
author = {Skrynnik, Aleksey and Petrov, Alexander and Panov, Aleksandr I.},
booktitle = {Biologically Inspired Cognitive Architectures (BICA) for Young Scientists},
doi = {10.1007/978-3-319-32554-5_28},
editor = {Samsonovich, Alexei V. and Klimov, Valentin V. and Rybina, Galina V.},
file = {:C$\backslash$:/Users/sanek/Documents/Mendeley Desktop/Biologically Inspired Cognitive Architectures (BICA) for Young Scientists/2016/Skrynnik, Petrov, Panov - 2016(2).pdf:pdf;:C$\backslash$:/Users/sanek/Documents/Mendeley Desktop/Biologically Inspired Cognitive Architectures (BICA) for Young Scientists/2016/Skrynnik, Petrov, Panov - 2016.doc:doc},
keywords = {16-37-60055,myconf,scopus},
mendeley-groups = {my{\_}publications},
mendeley-tags = {16-37-60055,myconf,scopus},
pages = {219--225},
publisher = {Springer International Publishing},
series = {Advances in Intelligent Systems and Computing},
title = {{Hierarchical Temporal Memory Implementation with Explicit States Extraction}},
url = {http://link.springer.com/10.1007/978-3-319-32554-5{\_}28},
year = {2016}
}

@inproceedings{Panov2015c,
abstract = {В работе представлена модель одной из когнитивных функций человека – восприятия. В качестве базового алгоритма обучения выбран один из алгоритмов предсказательной памяти – иерархическая временная память (Hierarchical temporal memory, HTM). Продемонстрирована сводимость данного алгоритма к функционированию иерархии распознающих автоматов специального вида. Приведены результаты модельных экспериментов по распознаванию серии простых изображений.},
address = {М.},
author = {Панов, А. И. and Петров, А. В.},
booktitle = {Шестая Международная конференция «Системный анализ и информационные технологии» САИТ-2015 (15-20 июня 2015 г., г. Светлогорск, Россия): Труды конференции. В 2-х т.},
file = {:C$\backslash$:/Users/sanek/Documents/Mendeley Desktop/Шестая Международная конференция «Системный анализ и информационные технологии» САИТ-2015 (15-20 июня 2015 г., г. Светлогорск, Росс. В 2-х т/2015/Панов, Петров - 2015.pdf:pdf;:C$\backslash$:/Users/sanek/Documents/Mendeley Desktop/Шестая Международная конференция «Системный анализ и информационные технологии» САИТ-2015 (15-20 июня 2015 г., г. Светлогорск, Росс. В 2-х т/2015/Панов, Петров - 2015(2).pdf:pdf;:C$\backslash$:/Users/sanek/Documents/Mendeley Desktop/Шестая Международная конференция «Системный анализ и информационные технологии» САИТ-2015 (15-20 июня 2015 г., г. Светлогорск, Росс. В 2-х т/2015/Панов, Петров - 2015.doc:doc},
keywords = {14-07-31194,15-07-06214,myconf},
language = {russian},
mendeley-groups = {my{\_}publications},
mendeley-tags = {14-07-31194,15-07-06214,myconf},
pages = {198--202},
publisher = {ИСА РАН},
title = {{Иерархическая временная память как модель восприятия и её автоматное представление}},
volume = {1},
year = {2015}
}

@article{Panov2014d,
	abstract = {В статье рассматривается задача моделирования зрительного восприятия, приводятся основные принципы построения нисходящих моделей. На основе этих принципов приводится формальное определение распознающего блока, как базового математического объекта большинства моделей восприятия. Описывается алгоритм его работы, на основе которого строятся операторы распознавания. Проводится постановка классической статической и динамической задач распознавания и исследуются свойства корректности построенных операторов с использованием алгебраического подхода Ю.И. Журавлева.},
	author = {Панов, А. И.},
	file = {:C$\backslash$:/Users/sanek/Documents/Mendeley Desktop/Машинное обучение и анализ данных/2014/Панов - 2014.pdf:pdf;:C$\backslash$:/Users/sanek/Documents/Mendeley Desktop/Машинное обучение и анализ данных/2014/Панов - 2014(2).pdf:pdf},
	journal = {Машинное обучение и анализ данных},
	keywords = {14-07-31194,elibrary,mypub,иерархическое динамическое распознавание,компьютерное когнитивное моделирование,корректность операторов распознавания,распознавание образов},
	language = {russian},
	mendeley-groups = {my{\_}publications},
	mendeley-tags = {14-07-31194,elibrary,mypub},
	number = {7},
	pages = {863--874},
	title = {{Алгебраические свойства операторов распознавания в моделях зрительного восприятия}},
	volume = {1},
	year = {2014}
}


%Applied semiotics
@article{Osipov2002c,
author = {Осипов, Г. С.},
file = {:C$\backslash$:/Users/sanek/Documents/Mendeley Desktop/Новости искусственного интеллекта/2002/Осипов - 2002.pdf:pdf},
journal = {Новости искусственного интеллекта},
keywords = {osipov},
language = {russian},
mendeley-groups = {Cogntive approach/Cognitive computer modeling},
mendeley-tags = {osipov},
number = {6},
pages = {3--7},
title = {{От ситуационного управления к прикладной семиотике}},
year = {2002}
}

@article{Osipov1999,
author = {Осипов, Г. С. and Поспелов, Д. А.},
file = {:C$\backslash$:/Users/sanek/Documents/Mendeley Desktop/Новости искусственного интеллекта/1999/Осипов, Поспелов - 1999.pdf:pdf},
journal = {Новости искусственного интеллекта},
keywords = {osipov},
language = {russian},
mendeley-groups = {Cogntive approach/Cognitive computer modeling},
mendeley-tags = {osipov},
number = {1},
pages = {9--35},
title = {{Прикладная семиотика}},
year = {1999}
}


%Psychology
@article{Chudova2012b,
	author = {Чудова, Н. В.},
	file = {:C$\backslash$:/Users/sanek/Documents/Mendeley Desktop/Искусственный интеллект и принятие решений/2012/Чудова - 2012.pdf:pdf},
	journal = {Искусственный интеллект и принятие решений},
	keywords = {12-07-00611,psycho},
	language = {russian},
	mendeley-groups = {Cogntive approach/Cognitive computer modeling},
	mendeley-tags = {12-07-00611,psycho},
	number = {2},
	pages = {51--62},
	title = {{Концептуальная модель картины мира для задачи моделирования поведения, основанного на сознании}},
	year = {2012}
}

@book{Vygotsky1999,
	address = {М.},
	author = {Выготский, Л. С.},
	edition = {Изд. 5-е,},
	mendeley-groups = {Cogntive approach/Psychology},
	pages = {352},
	language = {russian},
	publisher = {Издательство <<Лабиринт>>},
	title = {{Мышление и речь}},
	year = {1999}
}

@book{Leontiev1977,
	address = {М.},
	author = {Леонтьев, Алексей Николаевич},
	edition = {Изд. 2-е},
	file = {:C$\backslash$:/Users/sanek/Documents/Mendeley Desktop/Unknown/1977/Леонтьев - 1977.pdf:pdf},
	keywords = {psycho},
	language = {russian},
	mendeley-groups = {Cogntive approach/Psychology},
	mendeley-tags = {psycho},
	pages = {304},
	publisher = {Политиздат},
	title = {{Деятельность. Сознание. Личность}},
	year = {1977}
}

@article{Evans2013,
	abstract = {Dual-process and dual-system theories in both cognitive and social psychology have been subjected to a number of recently published criticisms. However, they have been attacked as a category, incorrectly assuming there is a generic version that applies to all. We identify and respond to 5 main lines of argument made by such critics. We agree that some of these arguments have force against some of the theories in the literature but believe them to be overstated. We argue that the dual-processing distinction is supported by much recent evidence in cognitive science. Our preferred theoretical approach is one in which rapid autonomous processes (Type 1) are assumed to yield default responses unless intervened on by distinctive higher order reasoning processes (Type 2). What defines the difference is that Type 2 processing supports hypothetical thinking and load heavily on working memory.},
	author = {Evans, Jonathan and Stanovich, K E},
	doi = {10.1177/1745691612460685},
	file = {:C$\backslash$:/Users/sanek/Documents/Mendeley Desktop/Perspectives on Psychological Science/2013/Evans, Stanovich - 2013.pdf:pdf},
	isbn = {1745-6916$\backslash$n1745-6924},
	issn = {1745-6916},
	journal = {Perspectives on Psychological Science},
	keywords = {Dual process theory,Dual systems,Individual differences,Rationality,Working memory},
	mendeley-groups = {Cogntive approach/Psychology},
	number = {3},
	pages = {223--241},
	pmid = {26172965},
	title = {{Dual-process theories of higher cognition: Advancing the debate}},
	volume = {8},
	year = {2013}
}

@incollection{Stanovich2009,
	abstract = {Building upon work which considers the implications dual-process theory for the great rationality debate in cognitive science, this chapter advances that discussion, first by discussing additions and complications to dual-process theory and then by working through the implications of these ideas for our view of human rationality. It argues that System 2 needs to be understood in terms of two levels of processing: the algorithmic and the reflective.},
	author = {Stanovich, Keith E},
	booktitle = {In two minds: Dual processes and beyond},
	doi = {10.1093/acprof:oso/9780199230167.003.0003},
	editor = {Evans, Jonathan and Frankish, Keith},
	file = {:C$\backslash$:/Users/sanek/Documents/Mendeley Desktop/In two minds Dual processes and beyond/2009/Stanovich - 2009.pdf:pdf},
	isbn = {9780199230167},
	keywords = {System 2,cognitive science,dual-process theory,human rationality},
	mendeley-groups = {Cogntive approach/Psychology},
	pages = {55--88},
	publisher = {Oxford University Press},
	title = {{Distinguishing the reflective, algorithmic, and autonomous minds: Is it time for a tri-process theory?}},
	url = {http://keithstanovich.com/Site/Research{\_}on{\_}Reasoning{\_}files/Stanovich{\_}Two{\_}MInds.pdf},
	year = {2009}
}

@article{Chuvgunova2015,
	abstract = {Целью данной статьи является обобщение и сопоставление результатов психологических исследований феномена планирования, а также анализ методов изучения планирования в психологии. В статье осуществлен аналитический обзор исследований феномена планирования в когнитивной психологии, нейропсихологии, теории деятельности.},
	author = {Чувгунова, О. А.},
	language = {russian},
	journal = {Психологические исследования},
	keywords = {деятельность,исполнительные функции,когнитивная психология,нейропсихология,планирование},
	mendeley-groups = {Cogntive approach/Psychology},
	number = {43},
	pages = {11},
	title = {{Планирование как предмет психологического исследования}},
	volume = {8},
	year = {2015}
}


%Concept analysis
@article{Norris1978,
	author = {Norris, E. M.},
	file = {:C$\backslash$:/Users/sanek/Documents/Mendeley Desktop/Revue Roumaine de Math{\'{e}}matiques Pures et Appliqu{\'{e}}es/1978/Norris - 1978.pdf:pdf},
	journal = {Revue Roumaine de Math{\'{e}}matiques Pures et Appliqu{\'{e}}es},
	number = {2},
	pages = {243--250},
	title = {{An Algorithm for Computing the Maximal Rectangles in a Binary Relation}},
	volume = {23},
	year = {1978}
}

@inproceedings{Krajca2010,
	author = {Krajca, Petr and Outrata, Jan and Vychodil, Vilem},
	booktitle = {Proceedings of the 7th International Conference on Concept Lattices and Their Applications},
	editor = {Kryszkiewicz, Marzena and Obiedkov, Sergei},
	file = {:C$\backslash$:/Users/sanek/Documents/Mendeley Desktop/Proceedings of the 7th International Conference on Concept Lattices and Their Applications/2010/Krajca, Outrata, Vychodil - 2010.pdf:pdf},
	issn = {16130073},
	mendeley-groups = {Machine learning/FCA},
	pages = {325--337},
	publisher = {CEUR},
	title = {{Advances in algorithms based on CbO}},
	year = {2010}
}

@incollection{Merwe2004,
	author = {Merwe, Dean Van Der and Obiedkov, Sergei and Kourie, Derrick},
	booktitle = {Concept Lattices},
	editor = {Eklund, Peter},
	file = {:C$\backslash$:/Users/sanek/Documents/Mendeley Desktop/Concept Lattices/2004/Merwe, Obiedkov, Kourie - 2004.pdf:pdf},
	isbn = {978-3-540-21043-6, 978-3-540-24651-0},
	issn = {03029743},
	mendeley-groups = {Machine learning/FCA},
	pages = {372--385},
	publisher = {Springer Berlin Heidelberg},
	series = {Lecture Notes in Computer Science},
	title = {{AddIntent: A new incremental algorithm for constructing concept lattices}},
	url = {http://www.springerlink.com/index/10.1007/978-3-540-24651-0{\_}31$\backslash$nhttp://www.springerlink.com/index/6r03tfahg6y9wt1r.pdf},
	year = {2004}
}



@article{Gerevini2009,
	abstract = {The international planning competition (IPC) is an important driver for planning research. The general goals of the IPC include pushing the state of the art in planning technology by posing new scientific challenges, encouraging direct comparison of planning systems and techniques, developing and improving a common planning domain definition language, and designing new planning domains and problems for the research community. This paper focuses on the deterministic part of the fifth international planning competition (IPC5), presenting the language and benchmark domains that we developed for the competition, as well as a detailed experimental evaluation of the deterministic planners that entered IPC5, which helps to understand the state of the art in the field. We present an extension of pddl, called pddl3, allowing the user to express strong and soft constraints about the structure of the desired plans, as well as strong and soft problem goals. We discuss the expressive power of the new language focusing on the restricted version that was used in IPC5, for which we give some basic results about its compilability into pddl2. Moreover, we study the relative performance of the IPC5 planners in terms of solved problems, CPU time, and plan quality; we analyse their behaviour with respect to the winners of the previous competition; and we evaluate them in terms of their capability of dealing with soft goals and constraints, and of finding good quality plans in general. Overall, the results indicate significant progress in the field, but they also reveal that some important issues remain open and require further research, such as dealing with strong constraints and computing high quality plans in metric-time domains and domains involving soft goals or constraints. ?? 2009 Elsevier B.V.},
	author = {Gerevini, Alfonso E. and Haslum, Patrik and Long, Derek and Saetti, Alessandro and Dimopoulos, Yannis},
	doi = {10.1016/j.artint.2008.10.012},
	file = {:C$\backslash$:/Users/sanek/Documents/Mendeley Desktop/Artificial Intelligence/2009/Gerevini et al. - 2009.pdf:pdf},
	isbn = {0004-3702},
	issn = {00043702},
	journal = {Artificial Intelligence},
	keywords = {Automated planning,Benchmarks for planning,Experimental evaluation of planning systems,International planning competition,Knowledge representation in planning,PDDL,Plan constraints,Planning languages,Planning systems,Preferences in planning},
	mendeley-groups = {Artifial Intelligence/Planning/Others planning},
	number = {5-6},
	pages = {619--668},
	publisher = {Elsevier B.V.},
	title = {{Deterministic planning in the fifth international planning competition: PDDL3 and experimental evaluation of the planners}},
	url = {http://dx.doi.org/10.1016/j.artint.2008.10.012},
	volume = {173},
	year = {2009}
}

@article{Gupta1992,
	abstract = {We prove complexity, approximability, and inapproximability results for the problem of finding an exchange equilibrium in markets with indivisible (integer) goods, most notably a polynomial-time algorithm that approximates the market equilibrium arbitrarily closely when the number of goods is bounded and the utilities are linear. We also show a communication complexity lower bound, implying that the ideal informational economy of a market with unique individual optima is unattainable in general.},
	author = {Gupta, N. and Nau, D. S.},
	file = {:C$\backslash$:/Users/sanek/Documents/Mendeley Desktop/Artificial Intelligence/1992/Gupta, Nau - 1992.pdf:pdf},
	journal = {Artificial Intelligence},
	mendeley-groups = {Artifial Intelligence/Planning/Algorithms},
	number = {2-3},
	pages = {223--254},
	title = {{On the complexity of Blocks-World planning}},
	volume = {56},
	year = {1992}
}

@article{Heintz2010,
	abstract = {Engineering autonomous agents that display rational and goal-directed behavior in dynamic physical environments requires a steady flow of information from sensors to high-level reasoning components. However, while sensors tend to generate noisy and incomplete quantitative data, reasoning often requires crisp symbolic knowledge. The gap between sensing and reasoning is quite wide, and cannot in general be bridged in a single step. Instead, this task requires a more general approach to integrating and organizing multiple forms of information and knowledge processing on different levels of abstraction in a structured and principled manner. We propose knowledge processing middleware as a systematic approach to organizing such processing. Desirable properties are presented and motivated. We argue that a declarative stream-based system is appropriate for the required functionality and present DyKnow, a concrete implemented instantiation of stream-based knowledge processing middleware with a formal semantics. Several types of knowledge processes are defined and motivated in the context of a UAV traffic monitoring application. In the implemented application, DyKnow is used to incrementally bridge the sense-reasoning gap and generate partial logical models of the environment over which metric temporal logical formulas are evaluated. Using such formulas, hypotheses are formed and validated about the type of vehicles being observed. DyKnow is also used to generate event streams representing for example changes in qualitative spatial relations, which are used to detect traffic violations expressed as declarative chronicles. ?? 2009 Elsevier Ltd. All rights reserved.},
	author = {Heintz, Fredrik and Kvarnstrom, Jonas and Doherty, Patrick},
	doi = {10.1016/j.aei.2009.08.007},
	file = {:C$\backslash$:/Users/sanek/Documents/Mendeley Desktop/Advanced Engineering Informatics/2010/Heintz, Kvarnstrom, Doherty - 2010.pdf:pdf},
	isbn = {1474-0346},
	issn = {14740346},
	journal = {Advanced Engineering Informatics},
	mendeley-groups = {Cogntive approach/Symbol grounding},
	number = {1},
	pages = {14--26},
	publisher = {Elsevier Ltd},
	title = {{Bridging the sense-reasoning gap: DyKnow - Stream-based middleware for knowledge processing}},
	url = {http://dx.doi.org/10.1016/j.aei.2009.08.007},
	volume = {24},
	year = {2010}
}

@article{Treur2016,
	author = {Treur, Jan},
	doi = {10.1016/j.bica.2016.02.002},
	file = {:C$\backslash$:/Users/sanek/Documents/Mendeley Desktop/Biologically Inspired Cognitive Architectures/2016/Treur - 2016.pdf:pdf},
	issn = {2212683X},
	journal = {Biologically Inspired Cognitive Architectures},
	mendeley-groups = {Cogntive approach/Cognitive modelling/Behaviour},
	pages = {131--168},
	publisher = {Elsevier B.V.},
	title = {{Dynamic modeling based on a temporal–causal network modeling approach}},
	url = {http://linkinghub.elsevier.com/retrieve/pii/S2212683X16300147},
	volume = {16},
	year = {2016}
}

@book{Edelman1987,
	address = {New York},
	author = {Edelman, G. M.},
	mendeley-groups = {Cogntive approach/Brain modelling/Common},
	pages = {400},
	publisher = {Basic Books},
	title = {{Neural Darwinism: The Theory Of Neuronal Group Selection}},
	year = {1987}
}

@article{Ivanitsky1996,
	author = {Иваницкий, А. М.},
	file = {:C$\backslash$:/Users/sanek/Documents/Mendeley Desktop/Журнал высшей нервной деятельности/1996/Иваницкий - 1996.pdf:pdf},
	journal = {Журнал высшей нервной деятельности},
	language = {russian},
	mendeley-groups = {Cogntive approach/Cognitive modelling/Consiousness},
	number = {2},
	pages = {241--282},
	title = {{Мозговая основа субъективных переживаний: гипотеза информационного синтеза}},
	volume = {46},
	year = {1996}
}

@article{George2009,
	abstract = {The theoretical setting of hierarchical Bayesian inference is gaining acceptance as a framework for understanding cortical computation. In this paper, we describe how Bayesian belief propagation in a spatio-temporal hierarchical model, called Hierarchical Temporal Memory (HTM), can lead to a mathematical model for cortical circuits. An HTM node is abstracted using a coincidence detector and a mixture of Markov chains. Bayesian belief propagation equations for such an HTM node define a set of functional constraints for a neuronal implementation. Anatomical data provide a contrasting set of organizational constraints. The combination of these two constraints suggests a theoretically derived interpretation for many anatomical and physiological features and predicts several others. We describe the pattern recognition capabilities of HTM networks and demonstrate the application of the derived circuits for modeling the subjective contour effect. We also discuss how the theory and the circuit can be extended to explain cortical features that are not explained by the current model and describe testable predictions that can be derived from the model.},
	author = {George, Dileep and Hawkins, Jeff},
	doi = {10.1371/journal.pcbi.1000532},
	file = {:C$\backslash$:/Users/sanek/Documents/Mendeley Desktop/PLoS computational biology/2009/George, Hawkins - 2009.pdf:pdf},
	issn = {1553-7358},
	journal = {PLoS computational biology},
	keywords = {Artificial Intelligence,Automated,Automated: methods,Bayes Theorem,Cerebral Cortex,Cerebral Cortex: physiology,Feedback,Markov Chains,Memory,Memory: physiology,Models,Neurological,Pattern Recognition,Pyramidal Cells,Pyramidal Cells: physiology,htm},
	mendeley-groups = {Cogntive approach/Brain modelling/Cortex},
	mendeley-tags = {htm},
	number = {10},
	pages = {e1000532},
	pmid = {19816557},
	title = {{Towards a mathematical theory of cortical micro-circuits}},
	url = {http://www.pubmedcentral.nih.gov/articlerender.fcgi?artid=2749218{\&}tool=pmcentrez{\&}rendertype=abstract},
	volume = {5},
	year = {2009}
}

@article{Buxhoeveden2002,
	abstract = {The minicolumn is a continuing source of research and debate more than half a century after it was identified as a component of brain organization. The minicolumn is a sophisticated local network that contains within it the elements for redundancy and plasticity. Although it is sometimes compared to subcortical nuclei, the design of the minicolumn is a distinctive form of module that has evolved specifically in the neocortex. It unites the horizontal and vertical components of cortex within the same cortical space. Minicolumns are often considered highly repetitive, even clone-like, units. However, they display considerable heterogeneity between areas and species, perhaps even within a given macrocolumn. Despite a growing recognition of the anatomical basis of the cortical minicolumn, as well as its physiological properties, the potential of the minicolumn has not been exploited in fields such as comparative neuroanatomy, abnormalities of the brain and mind, and evolution.},
	author = {Buxhoeveden, D. P. and Casanova, M.F.},
	doi = {10.1093/brain/awf110},
	file = {:C$\backslash$:/Users/sanek/Documents/Mendeley Desktop/Brain/2002/Buxhoeveden, Casanova - 2002.pdf:pdf},
	isbn = {0006-8950, 1460-2156},
	issn = {14602156},
	journal = {Brain},
	keywords = {areas and,columnar organization,display considerable heterogeneity between,even clone-like,highly repetitive,however,minicolumns,minicolumns are often considered,modules,same cortical space,they,units},
	number = {5},
	pages = {935--951},
	pmid = {11960884},
	title = {{The minicolumn hypothesis in neuroscience}},
	url = {http://brain.oxfordjournals.org/content/125/5/935.long},
	volume = {125},
	year = {2002}
}

@article{Constantinople2013,
	abstract = {The thalamocortical (TC) projection to layer 4 (L4) is thought to be the main route by which sensory organs communicate with cortex. Sensory information is believed to then propagate through the cortical column along the L4→L2/3→L5/6 pathway. Here, we show that sensory-evoked responses of L5/6 neurons in rats derive instead from direct TC synapses. Many L5/6 neurons exhibited sensory-evoked postsynaptic potentials with the same latencies as L4. Paired in vivo recordings from L5/6 neurons and thalamic neurons revealed substantial convergence of direct TC synapses onto diverse types of infragranular neurons, particularly in L5B. Pharmacological inactivation of L4 had no effect on sensory-evoked synaptic input to L5/6 neurons. L4 is thus not an obligatory distribution hub for cortical activity, and thalamus activates two separate, independent “strata” of cortex in parallel.},
	author = {Constantinople, Christine M and Bruno, Randy M},
	doi = {10.1126/science.1236425},
	file = {:C$\backslash$:/Users/sanek/Documents/Mendeley Desktop/Unknown/2013/Constantinople, Bruno - 2013.pdf:pdf},
	isbn = {1095-9203 (Electronic)$\backslash$r0036-8075 (Linking)},
	issn = {1095-9203},
	journal = {Science},
	number = {June},
	pages = {1591--1594},
	pmid = {1000164266},
	title = {{Deep cortical layers are activated directly by thalamus}},
	volume = {1591},
	year = {2013}
}


@article{Richter2010,
	abstract = {LAMA is a classical planning system based on heuristic forward search. Its core feature is the use of a pseudo-heuristic derived from landmarks, propositional formulas that must be true in every solution of a planning task. LAMA builds on the Fast Downward planning system, using finite-domain rather than binary state variables and multi-heuristic search. The latter is employed to combine the landmark heuristic with a variant of the well-known FF heuristic. Both heuristics are cost-sensitive, focusing on high-quality solutions in the case where actions have non-uniform cost. A weighted A* search is used with iteratively decreasing weights, so that the planner continues to search for plans of better quality until the search is terminated. LAMA showed best performance among all planners in the sequential satisficing track of the International Planning Competition 2008. In this paper we present the system in detail and investigate which features of LAMA are crucial for its performance. We present individual results for some of the domains used at the competition, demonstrating good and bad cases for the techniques implemented in LAMA. Overall, we find that using landmarks improves performance, whereas the incorporation of action costs into the heuristic estimators proves not to be beneficial. We show that in some domains a search that ignores cost solves far more problems, raising the question of how to deal with action costs more effectively in the future. The iterated weighted A* search greatly improves results, and shows synergy effects with the use of landmarks.},
	archivePrefix = {arXiv},
	arxivId = {1401.3839},
	author = {Richter, Silvia and Westphal, Matthias},
	doi = {10.1613/jair.2972},
	eprint = {1401.3839},
	file = {:C$\backslash$:/Users/sanek/Documents/Mendeley Desktop/Journal of Artificial Intelligence Research/2010/Richter, Westphal - 2010.pdf:pdf},
	isbn = {1076-9757},
	issn = {10769757},
	journal = {Journal of Artificial Intelligence Research},
	keywords = {plan},
	mendeley-groups = {Artifial Intelligence/Planning,Artifial Intelligence/Planning/Algorithms},
	mendeley-tags = {plan},
	pages = {127--177},
	title = {{The LAMA planner: Guiding cost-based anytime planning with landmarks}},
	volume = {39},
	year = {2010}
}

@article{Helmert2006,
	abstract = {Fast Downward is a classical planning system based on heuristic search. It can deal with general deterministic planning problems encoded in the propositional fragment of PDDL2.2, including advanced features like ADL conditions and effects and derived predicates (axioms). Like other well-known planners such as HSP and FF, Fast Downward is a progression planner, searching the space of world states of a planning task in the forward direction. However, unlike other PDDL planning systems, Fast Downward does not use the propositional PDDL representation of a planning task directly. Instead, the input is first translated into an alternative representation called multivalued planning tasks, which makes many of the implicit constraints of a propositional planning task explicit. Exploiting this alternative representation, Fast Downward uses hierarchical decompositions of planning tasks for computing its heuristic function, called the causal graph heuristic, which is very different from traditional HSP-like heuristics based on ignoring negative interactions of operators. In this article, we give a full account of Fast Downwards approach to solving multi-valued planning tasks. We extend our earlier discussion of the causal graph heuristic to tasks involving},
	archivePrefix = {arXiv},
	arxivId = {arXiv:1109.6051v1},
	author = {Helmert, Malte},
	doi = {10.1613/jair.1705},
	eprint = {arXiv:1109.6051v1},
	file = {:C$\backslash$:/Users/sanek/Documents/Mendeley Desktop/Journal of Artificial Intelligence Research/2006/Helmert - 2006.pdf:pdf},
	issn = {10769757},
	journal = {Journal of Artificial Intelligence Research},
	keywords = {plan},
	mendeley-groups = {Artifial Intelligence/Planning,Artifial Intelligence/Planning/Algorithms},
	mendeley-tags = {plan},
	pages = {191--246},
	title = {{The fast downward planning system}},
	volume = {26},
	year = {2006}
}

@article{Hoffmann2001,
	author = {Hoffmann, Jorg and Nebel, Bernhard},
	file = {:C$\backslash$:/Users/sanek/Documents/Mendeley Desktop/Journal of Artificial Intelligence Research/2001/Hoffmann, Nebel - 2001.pdf:pdf},
	journal = {Journal of Artificial Intelligence Research},
	keywords = {plan},
	mendeley-groups = {Artifial Intelligence/Planning,Artifial Intelligence/Planning/Algorithms},
	mendeley-tags = {plan},
	pages = {253--302},
	title = {{The FF Planning System: Fast Plan Generation Through Heuristic Search}},
	volume = {14},
	year = {2001}
}

@book{Kahneman2011,
	address = {New York},
	author = {Kahneman, Daniel},
	file = {:C$\backslash$:/Users/sanek/Documents/Mendeley Desktop/Unknown/2011/Kahneman - 2011.pdf:pdf},
	isbn = {978-0141033570},
	pages = {443},
	publisher = {Penguin},
	title = {{Thinking Fast and Slow}},
	year = {2011}
}

@article{Bonet2009,
	abstract = {Point-based algorithms and RTDP-Bel are approximate methods for solving POMDPs that replace the full updates of parallel value iteration by faster and more effective updates at selected beliefs. An important difference between the two methods is that the former adopt Sondik's representation of the value function, while the latter uses a tabular representation and a discretization function. The algorithms, however, have not been compared up to now, because they target different POMDPs: discounted POMDPs on the one hand, and Goal POMDPs on the other. In this paper, we bridge this representational gap, showing how to transform discounted POMDPs into Goal POMDPs, and use the transformation to compare RTDP-Bel with point-based algorithms over the existing discounted benchmarks. The results appear to contradict the conventional wisdom in the area showing that RTDP-Bel is competitive, and sometimes superior to point-based algorithms in both quality and time. 1},
	author = {Bonet, Blai and Geffner, H{\'{e}}ctor},
	file = {:C$\backslash$:/Users/sanek/Documents/Mendeley Desktop/IJCAI International Joint Conference on Artificial Intelligence/2009/Bonet, Geffner - 2009.pdf:pdf},
	isbn = {9781577354260},
	issn = {10450823},
	journal = {IJCAI International Joint Conference on Artificial Intelligence},
	keywords = {Planning and Scheduling},
	pages = {1641--1646},
	title = {{Solving POMDPs: RTDP-Bel vs. point-based algorithms}},
	year = {2009}
}

@article{Barto1995,
	abstract = {Learning methods based on dynamic programming (DP) are receiving increasing attention in artificial intelligence. Researchers have argued that DP provides the appropriate basis for compiling planning results into reactive strategies for real-time control, as well as for learning such strategies when the system being controlled is incompletely known. We introduce an algorithm based on DP, which we call Real-Time DP (RTDP), by which an embedded system can improve its performance with experience. RTDP generalizes Korf's Learning-Real-Time-A* algorithm to problems involving uncertainty. We invoke results from the theory of asynchronous DP to prove that RTDP achieves optimal behavior in several different classes of problems. We also use the theory of asynchronous DP to illuminate aspects of other DP-based reinforcement learning methods such as Watkins' Q-Learning algorithm. A secondary aim of this article is to provide a bridge between AI research on real-time planning and learning and relevant concepts and algorithms from control theory. ?? 1995 Elsevier Science B.V. All rights reserved.},
	author = {Barto, Andrew G. and Bradtke, Steven J. and Singh, Satinder P.},
	doi = {10.1016/0004-3702(94)00011-O},
	file = {:C$\backslash$:/Users/sanek/Documents/Mendeley Desktop/Artificial Intelligence/1995/Barto, Bradtke, Singh - 1995.pdf:pdf},
	isbn = {0004-3702},
	issn = {00043702},
	journal = {Artificial Intelligence},
	number = {1-2},
	pages = {81--138},
	title = {{Learning to act using real-time dynamic programming}},
	volume = {72},
	year = {1995}
}

@article{Harnad1990,
	archivePrefix = {arXiv},
	arxivId = {arXiv:cs.AI/9906002},
	author = {Harnad, Stevan},
	doi = {10.4249/scholarpedia.2373},
	eprint = {9906002},
	file = {:C$\backslash$:/Users/sanek/Documents/Mendeley Desktop/Physica/1990/Harnad - 1990.pdf:pdf},
	isbn = {0167-2789},
	issn = {01672789},
	journal = {Physica},
	keywords = {symb{\_}ground},
	mendeley-groups = {Cogntive approach/Symbol grounding},
	mendeley-tags = {symb{\_}ground},
	pages = {335--346},
	primaryClass = {arXiv:cs.AI},
	title = {{Symbol Grounding Problem}},
	url = {http://eprints.soton.ac.uk/271345/5/Harnad-CangelelosiComm.rtf},
	volume = {42},
	year = {1990}
}

@article{Barsalou1999,
	abstract = {Prior to the twentieth century, theories of knowledge were inherently perceptual. Since then, developments in logic, statistics, and programming languages have inspired amodal theories that rest on principles fundamentally different from those underlying perception. In addition, perceptual approaches have become widely viewed as untenable because they are assumed to implement recording systems, not conceptual systems. A perceptual theory of knowledge is developed here in the context of current cognitive science and neuroscience. During perceptual experience, association areas in the brain capture bottom-up patterns of activation in sensory-motor areas. Later, in a top-down manner, association areas partially reactivate sensory-motor areas to implement perceptual symbols. The storage and reactivation of perceptual symbols operates at the level of perceptual components--not at the level of holistic perceptual experiences. Through the use of selective attention, schematic representations of perceptual components are extracted from experience and stored in memory (e.g., individual memories of green, purr, hot). As memories of the same component become organized around a common frame, they implement a simulator that produces limitless simulations of the component (e.g., simulations of purr). Not only do such simulators develop for aspects of sensory experience, they also develop for aspects of proprioception (e.g., lift, run) and introspection (e.g., compare, memory, happy, hungry). Once established, these simulators implement a basic conceptual system that represents types, supports categorization, and produces categorical inferences. These simulators further support productivity, propositions, and abstract concepts, thereby implementing a fully functional conceptual system. Productivity results from integrating simulators combinatorially and recursively to produce complex simulations. Propositions result from binding simulators to perceived individuals to represent type-token relations. Abstract concepts are grounded in complex simulations of combined physical and introspective events. Thus, a perceptual theory of knowledge can implement a fully functional conceptual system while avoiding problems associated with amodal symbol systems. Implications for cognition, neuroscience, evolution, development, and artificial intelligence are explored.},
	author = {Barsalou, L. W.},
	doi = {10.1017/S0140525X99252144},
	file = {:C$\backslash$:/Users/sanek/Documents/Mendeley Desktop/The Behavioral and brain sciences/1999/Barsalou - 1999.pdf:pdf},
	isbn = {0140-525X},
	issn = {0140525X},
	journal = {The Behavioral and brain sciences},
	keywords = {analogue processing,and much more,categories,concepts,frames,imagery,images,in the power of,knowledge,much infe-,perception,psycho,pursuits makes learned men,representation,representations,rior to the average,sensory-motor,simulation,symbol grounding,symbol systems,the habit of abstract,visualization},
	mendeley-groups = {Cogntive approach/Symbol grounding},
	mendeley-tags = {psycho},
	number = {4},
	pages = {577--609; discussion 610--660},
	pmid = {11301525},
	title = {{Perceptual symbol systems}},
	volume = {22},
	year = {1999}
}

@article{Chella2003,
	abstract = {This paper deals with the anchoring of one of the most influential symbolic formalisms used in cognitive robotics, namely the situation calculus, to a conceptual representation of dynamic scenarios. Our proposal is developed with reference to a cognitive architecture for robot vision. An experimental setup is presented, aimed at obtaining intelligent monitoring operations of a robotic finger starting from visual data. ?? 2003 Elsevier Science B.V. All rights reserved.},
	author = {Chella, A. and Frixione, M. and Gaglio, S.},
	doi = {10.1016/S0921-8890(02)00358-5},
	file = {:C$\backslash$:/Users/sanek/Documents/Mendeley Desktop/Robotics and Autonomous Systems/2003/Chella, Frixione, Gaglio - 2003.pdf:pdf},
	issn = {09218890},
	journal = {Robotics and Autonomous Systems},
	keywords = {Action representation,Anchoring,Conceptual spaces,Robot vision,Situation calculus},
	mendeley-groups = {Cogntive approach/Symbol grounding},
	number = {2-3},
	pages = {175--188},
	title = {{Anchoring symbols to conceptual spaces: The case of dynamic scenarios}},
	volume = {43},
	year = {2003}
}

@inproceedings{Sardina2006,
	author = {Sardina, Sebastian and Silva, Lavindra De and Padgham, Lin},
	booktitle = {Proceedings of the fifth international joint conference on Autonomous agents and multiagent systems (AAMAS'06)},
	doi = {10.1145/1160633.1160813},
	file = {:C$\backslash$:/Users/sanek/Documents/Mendeley Desktop/Proceedings of the fifth international joint conference on Autonomous agents and multiagent systems (AAMAS'06)/2006/Sardina, Silva, Padgham - 2006.pdf:pdf},
	isbn = {1595933034},
	keywords = {bdi agent-oriented programming,htn plannning},
	mendeley-groups = {Artifial Intelligence/Planning/Algorithms},
	pages = {1001--1008},
	title = {{Hierarchical Planning in BDI Agent Programming Languages: A Formal Approach}},
	year = {2006}
}

@book{Tampra2012,
	address = {Atibaia},
	editor = {Cirillo, Marcello and Gerkey, Brian and Pecora, Federico and Stilman, Mike},
	file = {:C$\backslash$:/Users/sanek/Documents/Mendeley Desktop/Unknown/2012/Unknown - 2012(2).pdf:pdf},
	keywords = {plan},
	mendeley-groups = {Artifial Intelligence/Planning,Artifial Intelligence/Planning/Behaviour},
	mendeley-tags = {plan},
	pages = {61},
	title = {{TAMPRA'12: Proceedings of the 2012 ICAPS Workshop on Combining Task and Motion Planning for Real-World Applications}},
	year = {2012}
}

@article{Kaelbling2013,
	abstract = {We describe an integrated strategy for planning, perception, state estimation and action in complex mobile manipulation domains based on planning in the belief space of probability distributions over states using hierarchical goal regression (pre-image back-chaining). We develop a vocabulary of logical expressions that describe sets of belief states, which are goals and subgoals in the planning process. We show that a relatively small set of symbolic operators can give rise to task-oriented perception in support of the manipulation goals. An implementation of this method is demonstrated in simulation and on a real PR2 robot, showing robust, flexible solution of mobile manipulation problems with multiple objects and substantial uncertainty.},
	author = {Kaelbling, Leslie Pack and Lozano-P{\'{e}}rez, Tomas},
	doi = {10.1177/0278364913484072},
	file = {:C$\backslash$:/Users/sanek/Documents/Mendeley Desktop/The International Journal of Robotics Research/2013/Kaelbling, Lozano-P{\'{e}}rez - 2013.pdf:pdf},
	isbn = {0278-3649},
	issn = {0278-3649},
	journal = {The International Journal of Robotics Research},
	mendeley-groups = {Artifial Intelligence/Planning/Behaviour},
	number = {9-10},
	pages = {1194--1227},
	title = {{Integrated task and motion planning in belief space}},
	url = {http://ijr.sagepub.com/content/32/9-10/1194.abstract?etoc},
	volume = {32},
	year = {2013}
}

@article{Hammond1990,
	abstract = {This article presents a view of planning as a task supported by a dynamic memory. This view attempts to ingegrate models of memory, learning, and planning into a single system that learns about planning by creating new plans and analyzing how they interact with the world. We call this view of planning case-based planning. A case-based planner makes use of its own past experience in developing new plans. It relies on its memory of observed effects, rather than a set of causal rules, to create and modify new plans. Memories of past successes are accessed and modified to create new plans. Memories of past failures are used to warn the planner of impending problems, and memories of past repairs are called upon to tell the planner how to deal with them. This view of planning from experience supports and is supported by a learning system that incorporates new experiences into the planner's episodic memory. This learning algorithm gains from the planner's failures as well as its successes. Successful plans are stored in memory, indexed by the goals they satisfy and the problems they avoid. Failures are also stored and indexed by the features in the world that predict them. By storing failures as well as successes, the planner is able to anticipate and avoid future plan failures. Case-based planning is aimed at improving planning behavior in three areas: failure avoidance, plan repair, and plan reuse. It also attempts gains over current learning systems, in that the learning is driven by the functional needs of a planner. ?? 1990.},
	author = {Hammond, Kristian J.},
	doi = {10.1016/0364-0213(90)90018-R},
	file = {:C$\backslash$:/Users/sanek/Documents/Mendeley Desktop/Cognitive Science/1990/Hammond - 1990.PDF:PDF},
	issn = {03640213},
	journal = {Cognitive Science},
	mendeley-groups = {Artifial Intelligence/Planning/CBP},
	number = {3},
	pages = {385--443},
	title = {{Case-based planning: A framework for planning from experience}},
	volume = {14},
	year = {1990}
}

@article{DeLaRosa2013,
	abstract = {Most of the great success of heuristic search as an approach to AI Planning is due to the right design of domain-independent heuristics. Although many heuris- tic planners perform reasonablywell, the computational cost of computing the heuristic function in every search node is very high, causing the planner to scale poorly when increas- ing the size of the planning tasks. For tackling this prob- lem, planners can incorporate additional domain-dependent heuristics in order to improve their performance. Learning- based planners try to automatically acquire these domain- dependent heuristics using previous solved problems. In this work, we present a case-based reasoning approach that learns abstracted state transitions that serve as domain con- trol knowledge for improving the planning process. The rec- ommendations from the retrieved cases are used as guidance for pruning or ordering nodes in different heuristic search al- gorithms applied to planning tasks. We show that the CBR guidance is appropriate for a considerable number of plan- ning benchmarks.},
	author = {{De La Rosa}, Tomas and Garcia-Olaya, Angel and Borrajo, Daniel},
	doi = {10.1007/s10489-012-0404-6},
	file = {:C$\backslash$:/Users/sanek/Documents/Mendeley Desktop/Applied Intelligence/2013/De La Rosa, Garcia-Olaya, Borrajo - 2013.pdf:pdf},
	issn = {0924669X},
	journal = {Applied Intelligence},
	keywords = {Automated planning,Case-based reasoning,Search algorithms},
	mendeley-groups = {Artifial Intelligence/Planning/CBP},
	number = {1},
	pages = {184--201},
	title = {{A case-based approach to heuristic planning}},
	volume = {39},
	year = {2013}
}

@article{Borrajo2015,
	abstract = {Case-based planning (CBP) is an approach to automated planning that tries to save computational effort by reusing previously found solutions. In 2001, Spalazzi published a survey of work in CBP; here, we present an updated overview of systems that have contributed to the evolution of the field or addressed some issues related to planning by reuse in a novel way. The article presents relevant planners so that readers gain insight into the operation of these systems. This analysis will allow readers to understand the approaches both in the quality of the solutions and in the complexity of finding them.},
	author = {Borrajo, Daniel and Roub{\'{i}}{\v{c}}kov{\'{a}}, Anna and Serina, Ivan},
	doi = {10.1145/2674024},
	file = {:C$\backslash$:/Users/sanek/Documents/Mendeley Desktop/ACM Computing Surveys/2015/Borrajo, Roub{\'{i}}{\v{c}}kov{\'{a}}, Serina - 2015.pdf:pdf},
	issn = {03600300},
	journal = {ACM Computing Surveys},
	keywords = {Case-based planning,automated planning},
	mendeley-groups = {Artifial Intelligence/Planning/CBP},
	month = {jan},
	number = {2},
	pages = {1--39},
	title = {{Progress in Case-Based Planning}},
	url = {http://doi.acm.org/10.1145/2674024},
	volume = {47},
	year = {2015}
}

@inproceedings{Brafman2015,
	abstract = {To engage diverse agents in cooperative behavior, it is important, even necessary, to provide algo- rithms that do not reveal information that is private or proprietary. A number of recent planning algo- rithms enable agents to plan together for shared goals without disclosing information about their private state and actions. But these algorithms lack clear and formal privacy guarantees: the fact that they do not require agents to explicitly reveal pri- vate information, does not imply that such informa- tion cannot be deduced. The main contribution of this paper is an enhanced version of the distributed forward-search planning framework of Nissim and Brafman that reveals less information than the orig- inal algorithm, and the first, to our knowledge, dis- cussion and formal proof of privacy guarantees for distributed planning and search algorithms.},
	author = {Brafman, Ronen I},
	booktitle = {Proceedings of the Twenty-Fourth International Joint Conference on Artificial Intelligence (IJCAI 2015)},
	file = {:C$\backslash$:/Users/sanek/Documents/Mendeley Desktop/Proceedings of the Twenty-Fourth International Joint Conference on Artificial Intelligence (IJCAI 2015)/2015/Brafman - 2015.pdf:pdf},
	mendeley-groups = {Multiagent systems/Planning},
	pages = {1530--1536},
	title = {{A Privacy Preserving Algorithm for Multi-Agent Planning and Search}},
	year = {2015}
}

@article{Sun2012a,
	abstract = {Cognitive architectures may serve as a good basis for building mind/brain-inspired, psychologically realistic cognitive agents for various applications that require or prefer human-like behaviour and performance. This article explores a well-established cognitive architecture CLARION and shows how its behaviour and performance capture human psychology at a detailed level. The model captures many psychological quasi-laws concerning categorisation, induction, uncertain reasoning, decision-making, and so on, which indicates human-like characteristics beyond what other models have been shown to be capable of. Thus, CLARION constitutes an advance in developing more psychologically realistic cognitive agents. [ABSTRACT FROM PUBLISHER]},
	author = {Sun, Ron and H{\'{e}}lie, S{\'{e}}bastien},
	doi = {10.1080/0952813X.2012.661236},
	file = {:C$\backslash$:/Users/sanek/Documents/Mendeley Desktop/Journal of Experimental {\&} Theoretical Artificial Intelligence/2012/Sun, H{\'{e}}lie - 2012.pdf:pdf},
	isbn = {5182763409},
	issn = {0952-813X},
	journal = {Journal of Experimental {\&} Theoretical Artificial Intelligence},
	keywords = {cog{\_}arch},
	mendeley-groups = {Cogntive approach/Architectures},
	mendeley-tags = {cog{\_}arch},
	number = {1},
	pages = {65--92},
	title = {{Psychologically realistic cognitive agents: taking human cognition seriously}},
	volume = {25},
	year = {2012}
}

@article{Kelley2006,
	abstract = {Abstract: This paper describes the ongoing development of a robotic control architecture that was inspired by computational cognitive architectures from the discipline of cognitive psychology. The robotic control architecture combines symbolic and subsymbolic ...},
	author = {Kelley, Troy Dale},
	doi = {10.5772/5736},
	file = {:C$\backslash$:/Users/sanek/Documents/Mendeley Desktop/International Journal of Advanced Robotic Systems/2006/Kelley - 2006.pdf:pdf},
	isbn = {9780819481740},
	issn = {17298806},
	journal = {International Journal of Advanced Robotic Systems},
	keywords = {Cognitive architecture,Cognitive psychology,Robotic architecture,Robotic control},
	mendeley-groups = {Cogntive approach/Architectures},
	number = {3},
	pages = {219--222},
	title = {{Developing a psychologically inspired cognitive architecture for robotic control: The Symbolic and Subsymbolic Robotic Intelligence Control System (SS-RICS)}},
	volume = {3},
	year = {2006}
}

@article{Redko2016,
	author = {Red’ko, V.G. and Burtsev, M.S. },
	issn = {1877-0509},
	journal = {Procedia Computer Science},
	title = {{Modeling of Mechanism of Plan Formation by New Caledonian Crows}},
	volume = {88},
	year = {2016}
}

@book{Neisser1976,
	author = {Neisser, Ulric},
	isbn = {0716704773},
	pages = {230},
	publisher = {W. H. Freeman and Company},
	title = {{Cognition and Reality: Principles and Implications of Cognitive Psychology}},
	year = {1976}
}

@article{Flavell1979,
	abstract = {Studies suggest that young children are quite limited in their knowledge about cognitive phenomena—or in their metacognition—and do relatively little monitoring of their own memory, comprehension, and other cognitive enterprises. Metacognitive knowledge is one's stored knowledge or beliefs about oneself and others as cognitive agents, about tasks, about actions or strategies, and about how all these interact to affect the outcomes of any sort of intellectual enterprise. Metacognitive experiences are conscious cognitive or affective experiences that occur during the enterprise and concern any aspect of it—often, how well it is going. Research is needed to describe and explain spontaneous developmental acquisitions in this area and find effective ways of teaching metacognitive knowledge and cognitive monitoring skills. (9 ref) (PsycINFO Database Record (c) 2010 APA, all rights reserved)},
	author = {Flavell, J H},
	doi = {10.1037/0003-066x.34.10.906},
	file = {:C$\backslash$:/Users/sanek/Documents/Mendeley Desktop/American Psychologist/1979/Flavell - 1979.pdf:pdf},
	isbn = {0003-066X 1935-990X},
	issn = {0003-066X},
	journal = {American Psychologist},
	keywords = {Awareness,Cognitive Development,Cognitive Processes,metacognition {\&} cognitive monitoring,metacognition {\{}{\&}{\}} cognitive monitoring,young childr},
	number = {10},
	pages = {906--911},
	pmid = {16950075},
	title = {{Metacognition and cognitive monitoring: A new area of cognitive–developmental inquiry}},
	url = {http://search.ebscohost.com/login.aspx?direct=true{\{}{\&}{\}}db=pdh{\{}{\&}{\}}AN=amp-34-10-906{\{}{\&}{\}}site=ehost-live$\backslash$nhttp://psycnet.apa.org/journals/amp/34/10/906/$\backslash$nhttp://search.ebscohost.com/login.aspx?direct=true{\&}db=pdh{\&}AN=amp-34-10-906{\&}site=ehost-live},
	volume = {34},
	year = {1979}
}

@book{Sternberg2000,
	author = {Sternberg, R. J. and Forsythe, G. B. and Hedlund, J. and Horvath, J. and Snook, S. and Williams, W. M. and Wagner, R. K. and Grigorenko, E. L.},
	pages = {304},
	publisher = {Cambridge University Press},
	title = {{Practical intelligence in everyday life}},
	year = {2000}
}

@article{Besold2015,
abstract = {After a human-level AI-oriented overview of the status quo in neural-symbolic integration, two research programs aiming at overcoming long-standing challenges in the field are suggested to the community: The first program targets a better understanding of foundational differences and relationships on the level of computational complexity between symbolic and subsymbolic computation and representation, potentially providing explanations for the empirical differences between the paradigms in application scenarios and a foothold for subsequent attempts at overcoming these. The second program suggests a new approach and computational architecture for the cognitively-inspired anchoring of an agent's learning, knowledge formation, and higher reasoning abilities in real-world interactions through a closed neural-symbolic acting/sensing-processing-reasoning cycle, potentially providing new foundations for future agent architectures, multi-agent systems, robotics, and cognitive systems and facilitating a deeper understanding of the development and interaction in human-technological settings.},
author = {Besold, Tarek R. and Kuhnberger, Kai Uwe},
doi = {10.1016/j.bica.2015.09.003},
issn = {2212683X},
journal = {Biologically Inspired Cognitive Architectures},
keywords = {Agent architectures,Cognitive architectures,Complexity theory,Neural-symbolic integration,Research program},
pages = {97--110},
title = {{Towards integrated neural-symbolic systems for human-level AI: Two research programs helping to bridge the gaps}},
volume = {14},
year = {2015}
}
