@Article{Kolmogorov1965,
    author = "Колмогор, А. Н.",
    title = "Три подхода к определению понятия <<количество информации>>",
    journal = "Проблемы передачи информации",
    year = 1965,
    volume = 1,
    number = 1,
    pages = "3-11",
    language = "russian"
}

@Article{Shannon1948,
    author = "Shannon, C. E.",
    title = "A Mathematical Theory of Communication",
    journal = "Bell System Technical Journal",
    year = 1948,
    volume = 27,
    pages = "379-423, 623-656",
    language = "english"
}

@BOOK{Neumann1966,
  author = "Нейман, Д.",
  title = "Теория самовоспроизводящихся автоматов",
  address = "М.",
  publisher = "Мир",
  year = 1971,
  numpages = 326,
  language = "russian"
}

@BOOK{Milnor2000,
  author = "Милнор, Дж.",
  title = "Голоморфная динамика",
  address = "Ижевск",
  publisher = "НИЦ <<Регулярная и хаотическая динамика>>",
  year = 2000,
  numpages = 320,
  language = "russian"
}
