@BOOK{Leontiev1977,
  author = "Леонтьев, А. Н.",
  title = "Деятельность. Сознание. Личность.",
  address = "М.",
  publisher = "Политиздат",
  edition = 2,
  year = 1977,
  numpages = 304,
  language = "russian"
}

@Article{Juravlev1978,
    author = "Журавлев, Ю. И.",
    title = "Об алгебраическом подходе к решению задач распознавания или классификации",
    journal = "Проблемы кибернетики",
    year = 1978,
    volume = 33,
    pages = "5-68",
    url = "http://www.ccas.ru/frc/papers/zhuravlev78prob33.pdf",
    language = "russian"
}

@Article{Finn1988,
    author = "Финн, В. К.",
    title = "Правдоподобные выводы и правдоподобные рассуждения",
    journal = "Итоги науки и техн. Сер. Теор. вероятн. Мат. стат. Теор. кибернет.",
    year = 1988,
    volume = 28,
    pages = "3-84",
    publisher = "ВИНИТИ",
    address = "М.",
    url = "http://mi.mathnet.ru/intv75",
    language = "russian"
}

@BOOK{Osipov1997,
  author = "Осипов, Г. С.",
  title = "Приобретение знаний интеллектуальными системами",
  address = "М.",
  publisher = "Наука - Физматлит",
  year = 1997,
  numpages = 109,
  language = "russian"
}

@Book{Velichkovsy2006a,
  author = "Величковский, Б. М.",
  title = "Когнитивная наука: Основы психологии познания: В 2 т.",
  address = "М.",
  publisher = "Издательский центр <<Академия>>",
  year = 2006,
  volume = 1,
  numpages = 448,
  language = "russian"
}

@Book{Velichkovsy2006b,
  author = "Величковский, Б. М.",
  title = "Когнитивная наука: Основы психологии познания: В 2 т.",
  address = "М.",
  publisher = "Издательский центр <<Академия>>",
  year = 2006,
  volume = 2,
  numpages = 432,
  language = "russian"
}

@INPROCEEDINGS{Osipov2011b,
author = "Кузнецова, Ю. М. and Осипов, Г. С. and Панов, А.И. and Петров, А. В. and Чудова, Н. В.",
title = "Моделирование поведения, управляемого сознанием",
booktitle = {Системный анализ и информационные технологии: тр. Четвертой Междунар. конф. (Абзаково, Россия, 17-23 авг. 2011 г.): в 2т. },
volume = 1,
address = "Челябинск",
publisher = "Изд-во Челяб. Гос. ун-та",
year = 2011,
pages = "6-13",
language = "russian"
}

@INPROCEEDINGS{Panov2012a,
author = "Панов, А. И.",
title = "Моделирование процесса принятия решения агентом со знаковой картиной мира",
booktitle = {Теория и практика системного анализа: Труды II Всероссийской научной конференции молодых учёных с международным участием},
volume = 1,
address = "Рыбинск",
publisher = "РГАТУ имени П.А. Соловьёва",
year = 2012,
pages = "126-137",
language = "russian"
}

@INPROCEEDINGS{Kuznetcova2012b,
author = "Кузнецова, Ю. М. and Панов, А.И. and Петров, А. В. and Чудова, Н. В.",
title = "Элементы знакового опосредования в интеллектуальном агенте",
booktitle = {V съезд Общероссийской общественной организации "Российское психологическое общество". Материалы участников съезда},
volume = 1,
address = "М.",
publisher = "Российское психологическое общество",
year = 2012,
pages = "490-491",
language = "russian"
}

@Article{Pospelov1996,
author = "Поспелов, Д. А.",
title = "Прикладная семиотика и искусственный интеллект",
journal = "Программные продукты и системы",
year = 1996,
number = 3,
pages = "10-13",
language = "russian"
}

@Article{Chudova2012a,
author = "Чудова, Н. В.",
title = "Концептуальное описание картины мира в задачах моделирования поведения",
journal = "Искусственный интеллект и принятие решений",
year = 2012,
number = 2,
pages = "51-62",
language = "russian"
}

@INPROCEEDINGS{Zhilyakova1999,
author = "Жилякова, Л. Ю.",
title = "Алгебраические свойства отношений в неоднородных семантических сетях",
booktitle = {Интеллектуальное управление: новые интеллектуальные технологии в задачах управления. Труды международной конференции},
address = "М.",
publisher = "Наука - Физматлит",
year = 1999,
pages = "45-50",
language = "russian"
}

@INCOLLECTION{Fillmore1968,
author = "Fillmore, C. J.",
title = "The case for case",
booktitle = "Universals in Linguistic Theory",
publisher = "Holt, Rinehart and Winston",
address = "New York",
editor = "Bah, E. and Harms, R. T.",
year = 1968,
pages = "1-88",
language = "english"
}

@Article{Panov2012b,
author = "Петров, А. В. and Панов, А. И.",
title = "Моделирование поведения автономного мобильного робота",
journal = "Вестник Рыбинского государственного авиационного технического университета имени П.А. Соловьева",
year = 2012,
number = 2,
pages = "179-184",
language = "russian"
}

@INPROCEEDINGS{Panov2012c,
author = "Панов, А. И.",
title = "Моделирование потребностей и мотивов интеллектуального агента со знаковой картиной мира",
booktitle = {Пятая международная конференция по когнитивной науке: Тезисы докладов: Калининград, 18-24 июня 2012 г.},
address = "Калининград",
publisher = "Межрегиональная ассоциация когнитивных исследований (МАКИ)",
year = 2012,
pages = "813-815",
language = "russian"
}

@INPROCEEDINGS{Osipov2012,
author = "Осипов, Г. С.",
title = "Поведение, управляемое картиной мира",
booktitle = {Пятая международная конференция по когнитивной науке: Тезисы докладов: Калининград, 18-24 июня 2012 г.},
address = "Калининград",
publisher = "Межрегиональная ассоциация когнитивных исследований (МАКИ)",
year = 2012,
pages = "812-813",
language = "russian"
}

@INPROCEEDINGS{Panov2012d,
author = "Панов, А. И.",
title = "Семейства отношений в знаковой картине мира",
booktitle = {Тринадцатая национальная конференция по искусственному интеллекту с международным участием КИИ-2012 (16-20 октября 2012г., г. Белгород, Россия): Труды конференции},
address = "Белгород",
publisher = "Издательство БГТУ",
year = 2012,
pages = "301-309",
language = "russian"
}

@Article{Chudova2012b,
author = "Чудова, Н. В.",
title = "Понимание: предмет исследования и объект моделированя",
journal = "Искусственный интеллект и принятие решений",
year = 2012,
number = 4,
pages = "2-36",
language = "russian"
}

@Article{Panov2013a,
author = "Панов, А. И.",
title = "Выявление причинно-следственных связей в данных психологического тестирования логическими методами",
journal = "Искусственный интеллект и принятие решений",
year = 2013,
number = 1,
pages = "95-103",
language = "russian"
}
