@article{Osipov2014c,
abstract = {Рассматриваются функции, которые в психологии принято относить к функциям сознания. К числу таких функций относятся рефлексия, осознание мотива деятельности, целеполагание, синтез целенаправленного поведения и некоторые иные. Описание опирается на понятие знака, достаточно широко используемое в психологии, в частности, в культурно-исторической теории Л.С.Выготского, где знак понимается неформальным образом. В настоящей работе уточняется понятие знака, рассматриваются механизмы формирования знаков и некоторые процедуры самоорганизации на множестве знаков. Благодаря работе механизмов самоорганизации возникает новый способ представления картины мира субъекта деятельности. Вводится понятие семиотической сети, которое используется для исследования картин мира субъектов. Строятся модели некоторых из указанных выше функций. Вторая часть статьи посвящена функциям самосознания и применению построенных моделей для задачи синтеза плана и построения новых архитектур интеллектуальных агентов, обладающих, в частности, способностями к распределению ролей в коалициях.},
author = {Осипов, Г. С. and Панов, А. И. and Чудова, Н. В.},
doi = {10.7868/S000233881404012X},
file = {:C$\backslash$:/Users/sanek/Documents/Mendeley Desktop/Известия Российской академии наук. Теория и системы управления/2014/Осипов, Панов, Чудова - 2014.doc:doc;:C$\backslash$:/Users/sanek/Documents/Mendeley Desktop/Известия Российской академии наук. Теория и системы управления/2014/Осипов, Панов, Чудова - 2014.pdf:pdf},
issn = {0002-3388},
journal = {Известия Российской академии наук. Теория и системы управления},
keywords = {12-07-00611,elibrary,mypub,vak},
language = {russian},
mendeley-tags = {12-07-00611,elibrary,mypub,vak},
number = {4},
pages = {49--62},
title = {{Управление поведением как функция сознания. I. Картина мира и целеполагание}},
url = {http://elibrary.ru/item.asp?doi=10.7868/S000233881404012X},
year = {2014}
}
@article{Osipov2015d,
	abstract = {Рассматриваются процедуры формирования элемента картины мира субъекта деятельности (знака), введенные в первой части работы. Исследуется процесс формирование пары образ – значение знака с учетом современных представлений о строении и функционировании коры головного мозга человека. Строится алгоритм синтеза плана поведения и предлагается новая архитектура интеллектуальных агентов, обладающих, в частности, способностями к распределению ролей в коалициях.},
	author = {Осипов, Г. С. and Панов, А. И. and Чудова, Н. В.},
	doi = {10.7868/S0002338815050108},
	file = {:C$\backslash$:/Users/sanek/Documents/Mendeley Desktop/Известия Российский академии наук. Теория и системы управления/2015/Осипов, Панов, Чудова - 2015.pdf:pdf},
	isbn = {0002-3388},
	journal = {Известия Российский академии наук. Теория и системы управления},
	keywords = {14-11-00692,15-07-06214,elibrary,mypub,vak},
	language = {russian},
	mendeley-tags = {14-11-00692,15-07-06214,elibrary,mypub,vak},
	number = {6},
	pages = {47--61},
	title = {{Управление поведением как функция сознания. II. Синтез плана поведения}},
	year = {2015}
}
@article{Panov2014d,
	abstract = {В статье рассматривается задача моделирования зрительного восприятия, приводятся основные принципы построения нисходящих моделей. На основе этих принципов приводится формальное определение распознающего блока, как базового математического объекта большинства моделей восприятия. Описывается алгоритм его работы, на основе которого строятся операторы распознавания. Проводится постановка классической статической и динамической задач распознавания и исследуются свойства корректности построенных операторов с использованием алгебраического подхода Ю.И. Журавлева.},
	author = {Панов, А. И.},
	file = {:C$\backslash$:/Users/sanek/Documents/Mendeley Desktop/Машинное обучение и анализ данных/2014/Панов - 2014.pdf:pdf;:C$\backslash$:/Users/sanek/Documents/Mendeley Desktop/Машинное обучение и анализ данных/2014/Панов - 2014(2).pdf:pdf},
	journal = {Машинное обучение и анализ данных},
	keywords = {14-07-31194,elibrary,mypub,иерархическое динамическое распознавание,компьютерное когнитивное моделирование,корректность операторов распознавания,распознавание образов},
	language = {russian},
	mendeley-tags = {14-07-31194,elibrary,mypub},
	number = {7},
	pages = {863--874},
	title = {{Алгебраические свойства операторов распознавания в моделях зрительного восприятия}},
	volume = {1},
	year = {2014}
}
@incollection{Skrynnik2016,
	abstract = {Hierarchical temporal memory is an online machine learning model that simulates some of the structural and algorithmic properties of neocortex. The new implementa- tion of hierarchical temporal memory is proposed in the paper. The main distinction of the implementation is chain extraction module that complements the spatial and temporal polling modules of HTM. The new module simplifies cross-level regions connection implementation (e.g. feedback). An experiment is also described to illus- trate how hierarchical temporal memory with explicit states extraction works.},
	author = {Skrynnik, Aleksey and Petrov, Alexander and Panov, Aleksandr I.},
	booktitle = {Biologically Inspired Cognitive Architectures (BICA) for Young Scientists},
	doi = {10.1007/978-3-319-32554-5_28},
	editor = {Samsonovich, Alexei V. and Klimov, Valentin V. and Rybina, Galina V.},
	file = {:C$\backslash$:/Users/sanek/Documents/Mendeley Desktop/Biologically Inspired Cognitive Architectures (BICA) for Young Scientists/2016/Skrynnik, Petrov, Panov - 2016(2).pdf:pdf;:C$\backslash$:/Users/sanek/Documents/Mendeley Desktop/Biologically Inspired Cognitive Architectures (BICA) for Young Scientists/2016/Skrynnik, Petrov, Panov - 2016.doc:doc},
	keywords = {16-37-60055,elibrary,myconf,scopus},
	mendeley-tags = {16-37-60055,elibrary,myconf,scopus},
	pages = {219--225},
	publisher = {Springer International Publishing},
	series = {Advances in Intelligent Systems and Computing},
	title = {{Hierarchical Temporal Memory Implementation with Explicit States Extraction}},
	url = {http://link.springer.com/10.1007/978-3-319-32554-5{\_}28},
	year = {2016}
}

@inproceedings{Kuznetsov2001,
	author = {Kuznetsov, Sergei O. and Ob''edkov, Sergei A.},
	booktitle = {ICCS'01 International Workshop on Concept Lattices-based KDD},
	file = {:C$\backslash$:/Users/sanek/Documents/Mendeley Desktop/ICCS'01 International Workshop on Concept Lattices-based KDD/2001/Kuznetsov, Ob''edkov - 2001.pdf:pdf},
	pages = {35--47},
	title = {{Comparing Performance of Algorithms for Generating Concept Lattices}},
	year = {2001}
}
@article{Kuznetsov1996,
	author = {Kuznetsov, S. O.},
	file = {:C$\backslash$:/Users/sanek/Documents/Mendeley Desktop/Journal of Mathematical Sciences/1996/Kuznetsov - 1996.pdf:pdf},
	journal = {Journal of Mathematical Sciences},
	number = {2},
	pages = {1654--1698},
	title = {{Mathematical aspects of concept analysis}},
	url = {http://link.springer.com/article/10.1007/BF02362847},
	volume = {80},
	year = {1996}
}
@article{Osipov2008b,
	author = {Осипов, Г. С.},
	file = {:C$\backslash$:/Users/sanek/Documents/Mendeley Desktop/Искусственный интеллект и принятие решений/2008/Осипов - 2008.pdf:pdf},
	journal = {Искусственный интеллект и принятие решений},
	keywords = {osipov},
	language = {russian},
	mendeley-tags = {osipov},
	number = {1},
	pages = {47--54},
	title = {{Динамические интеллектуальные системы}},
	year = {2008}
}
@article{Osipov1990,
	author = {Осипов, Г. С.},
	journal = {Известия АН СССР. Техническая кибернетика},
	language = {russian},
	number = {5},
	pages = {32--45},
	title = {{Построение моделей предметных областей. Ч. I. Неоднородные семантические сети}},
	year = {1990}
}

@inproceedings{Osipov1997b,
	address = {Bratislava},
	author = {Pospelov, D. A. and Osipov, G. S.},
	booktitle = {Proceedings of the Second Workshop on Applied Semiotics, Seventh International Conference on Artificial Intelligence and Information-Control Systems of Robots (AIICSR'97)},
	keywords = {osipov},
	mendeley-tags = {osipov},
	pages = {1--12},
	title = {{Knowledge in semiotic models}},
	year = {1997}
}
@book{Vygotsky1999,
	address = {М.},
	author = {Выготский, Л. С.},
	edition = {Изд. 5-е, },
	file = {:C$\backslash$:/Users/sanek/Documents/Mendeley Desktop/Unknown/1999/Выготский - 1999.doc:doc},
	pages = {352},
	language = {russian},
	publisher = {Издательство "Лабиринт"},
	title = {{Мышление и речь}},
	year = {1999}
}
@article{Chudova2012b,
	author = {Чудова, Н. В.},
	file = {:C$\backslash$:/Users/sanek/Documents/Mendeley Desktop/Искусственный интеллект и принятие решений/2012/Чудова - 2012.pdf:pdf},
	journal = {Искусственный интеллект и принятие решений},
	keywords = {12-07-00611,psycho},
	language = {russian},
	mendeley-tags = {12-07-00611,psycho},
	number = {2},
	pages = {51--62},
	title = {{Концептуальная модель картины мира для задачи моделирования поведения, основанного на сознании}},
	year = {2012}
}

@book{Asmolov1990,
	address = {М.},
	author = {Асмолов, А. Г.},
	language = {russian},
	pages = {267},
	publisher = {Изд-во МГУ},
	title = {{Психология личности: Учебник}},
	year = {1990}
}
@incollection{Rubinshtain2000,
	address = {СПб.},
	author = {Рубинштейн, С. Л.},
	booktitle = {Основы общей психологии},
	chapter = {IX},
	file = {:C$\backslash$:/Users/sanek/Documents/Mendeley Desktop/Основы общей психологии/2000/Рубинштейн - 2000.pdf:pdf},
	language = {russian},
	publisher = {Издательство "Питер"},
	title = {{Воображение}},
	year = {2000}
}


@inproceedings{Osipov2016c,
	author = {Осипов, Г. С.},
	booktitle = {Гибридные и синергетические интеллектуальные системы: Материалы III Всероссийской Поспеловской конференции с международным участием},
	editor = {Колесников, А. В.},
	file = {:C$\backslash$:/Users/sanek/Documents/Mendeley Desktop/Гибридные и синергетические интеллектуальные системы Материалы III Всероссийской Поспеловской конференции с международным участием/2016/Осипов - 2016.pdf:pdf},
	keywords = {15-07-06214,osipov},
	language = {russian},
	mendeley-groups = {Cogntive approach/Cognitive computer modeling},
	mendeley-tags = {15-07-06214,osipov},
	pages = {56--69},
	publisher = {Издательство БФУ им. Иммануила Канта},
	title = {{Знаковые модели как альтернатива символьным}},
	year = {2016}
}

@incollection{Stanovich2009,
	abstract = {Building upon work which considers the implications dual-process theory for the great rationality debate in cognitive science, this chapter advances that discussion, first by discussing additions and complications to dual-process theory and then by working through the implications of these ideas for our view of human rationality. It argues that System 2 needs to be understood in terms of two levels of processing: the algorithmic and the reflective.},
	author = {Stanovich, Keith E},
	booktitle = {In two minds: Dual processes and beyond},
	doi = {10.1093/acprof:oso/9780199230167.003.0003},
	editor = {Evans, Jonathan and Frankish, Keith},
	file = {:C$\backslash$:/Users/sanek/Documents/Mendeley Desktop/In two minds Dual processes and beyond/2009/Stanovich - 2009.pdf:pdf},
	isbn = {9780199230167},
	keywords = {System 2,cognitive science,dual-process theory,human rationality},
	mendeley-groups = {Cogntive approach/Psychology},
	pages = {55--88},
	publisher = {Oxford University Press},
	title = {{Distinguishing the reflective, algorithmic, and autonomous minds: Is it time for a tri-process theory?}},
	url = {http://keithstanovich.com/Site/Research{\_}on{\_}Reasoning{\_}files/Stanovich{\_}Two{\_}MInds.pdf},
	year = {2009}
}

@book{Kahneman2011,
	address = {New York},
	author = {Kahneman, Daniel},
	file = {:C$\backslash$:/Users/sanek/Documents/Mendeley Desktop/Unknown/2011/Kahneman - 2011.pdf:pdf},
	isbn = {978-0141033570},
	mendeley-groups = {Cogntive approach/Psychology},
	pages = {443},
	publisher = {Penguin},
	title = {{Thinking Fast and Slow}},
	year = {2011}
}

@article{Grossberg2014,
	author = {Grossberg, Stephen},
	doi = {10.1016/j.brainres.2014.11.018},
	file = {:C$\backslash$:/Users/sanek/Documents/Mendeley Desktop/Brain Research/2015/Grossberg - 2015.pdf:pdf},
	issn = {00068993},
	journal = {Brain Research},
	keywords = {3D vision,Adaptive resonance theory,Adaptively controlled conditioning,Attention,Autism,Category learning,Cognitive working memory,Eye movement,Grid cell,Laminar cortical circuits,Learning,Medial temporal amnesia,Memory,Place cell,Predictive remapping,Spatial navigation,Speech perception,Time cell,mGluR},
	mendeley-groups = {Cogntive approach/Cognitive modelling/Memory},
	pages = {270--293},
	publisher = {Elsevier},
	title = {{From brain synapses to systems for learning and memory: Object recognition, spatial navigation, timed conditioning, and movement control}},
	url = {http://dx.doi.org/10.1016/j.brainres.2014.11.018 http://linkinghub.elsevier.com/retrieve/pii/S0006899314015650},
	volume = {1621},
	year = {2015}
}

@article{Gurney2001,
	abstract = {We present a biologically plausible model of processing intrinsic to the basal ganglia based on the computational premise that action selection is a primary role of these central brain structures. By encoding the propensity for selecting a given action in a scalar value (the salience), it is shown that action selection may be recast in terms of signal selection. The generic properties of signal selection are defined and neural networks for this type of computation examined. A comparison between these networks and basal ganglia anatomy leads to a novel functional decomposition of the basal ganglia architecture into 'selection' and 'control' pathways. The former pathway performs the selection per se via a feedforward off-centre on-surround network. The control pathway regulates the action of the selection pathway to ensure its effective operation, and synergistically complements its dopaminergic modulation. The model contrasts with the prevailing functional segregation of basal ganglia into 'direct' and 'indirect' pathways.},
	author = {Gurney, K and Prescott, T J and Redgrave, P},
	doi = {10.1007/PL00007984},
	file = {:C$\backslash$:/Users/sanek/Documents/Mendeley Desktop/Biological cybernetics/2001/Gurney, Prescott, Redgrave - 2001.pdf:pdf},
	isbn = {0340-1200 (Print)$\backslash$n0340-1200 (Linking)},
	issn = {0340-1200},
	journal = {Biological cybernetics},
	mendeley-groups = {Cogntive approach/Brain modelling/Basal ganglions},
	number = {6},
	pages = {401--410},
	pmid = {11417052},
	title = {{A computational model of action selection in the basal ganglia. I. A new functional anatomy}},
	volume = {84},
	year = {2001}
}

@article{Rolls2010,
	abstract = {A quantitative computational theory of the operation of the hippocampus as an episodic memory system is described. The CA3 system operates as a single attractor or autoassociation network to enable rapid, one-trial associations between any spatial location (place in rodents or spatial view in primates) and an object or reward and to provide for completion of the whole memory during recall from any part. The theory is extended to associations between time and object or reward to implement temporal order memory, also important in episodic memory. The dentate gyrus performs pattern separation by competitive learning to produce sparse representations, producing for example neurons with place-like fields from entorhinal cortex grid cells. The dentate granule cells produce by the very small number of mossy fibre connections to CA3 a randomizing pattern separation effect important during learning but not recall that separates out the patterns represented by CA3 firing to be very different from each other, which is optimal for an unstructured episodic memory system in which each memory must be kept distinct from other memories. The direct perforant path input to CA3 is quantitatively appropriate to provide the cue for recall in CA3, but not for learning. The CA1 recodes information from CA3 to set up associatively learned backprojections to neocortex to allow subsequent retrieval of information to neocortex, providing a quantitative account of the large number of hippocampo-neocortical and neocortical-neocortical backprojections. Tests of the theory including hippocampal subregion analyses and hippocampal NMDA receptor knockouts are described and support the theory. ?? 2010 Elsevier B.V.},
	author = {Rolls, Edmund T.},
	doi = {10.1016/j.bbr.2010.03.027},
	file = {:C$\backslash$:/Users/sanek/Documents/Mendeley Desktop/Behavioural Brain Research/2010/Rolls - 2010.pdf:pdf},
	isbn = {0166-4328},
	issn = {01664328},
	journal = {Behavioural Brain Research},
	keywords = {Attractor network,Competitive network,Completion,Episodic memory,Hippocampus,Object-place memory,Pattern separation,Recall,Spatial view neurons},
	mendeley-groups = {Cogntive approach/Brain modelling/Hippocampus},
	number = {2},
	pages = {180--196},
	pmid = {20307583},
	publisher = {Elsevier B.V.},
	title = {{A computational theory of episodic memory formation in the hippocampus}},
	url = {http://dx.doi.org/10.1016/j.bbr.2010.03.027},
	volume = {215},
	year = {2010}
}


@article{Pulvermuller2013,
	author = {Pulverm{\"{u}}ller, Friedemann},
	doi = {10.1016/j.tics.2013.06.004},
	file = {:C$\backslash$:/Users/sanek/Documents/Mendeley Desktop/Trends in Cognitive Sciences/2013/Pulverm{\"{u}}ller - 2013.pdf:pdf},
	issn = {13646613},
	journal = {Trends in Cognitive Sciences},
	mendeley-groups = {Cogntive approach/Symbol grounding},
	number = {9},
	pages = {458--470},
	title = {{How neurons make meaning: brain mechanisms for embodied and abstract-symbolic semantics}},
	url = {http://linkinghub.elsevier.com/retrieve/pii/S1364661313001228},
	volume = {17},
	year = {2013}
}

@article{Ivanitsky1996,
	author = {Иваницкий, А. М.},
	file = {:C$\backslash$:/Users/sanek/Documents/Mendeley Desktop/Журнал высшей нервной деятельности/1996/Иваницкий - 1996.pdf:pdf},
	journal = {Журнал высшей нервной деятельности},
	language = {russian},
	mendeley-groups = {Cogntive approach/Cognitive modelling/Consiousness},
	number = {2},
	pages = {241--282},
	title = {{Мозговая основа субъективных переживаний: гипотеза информационного синтеза}},
	volume = {46},
	year = {1996}
}

@book{Edelmen1981,
	address = {М.},
	author = {Эделмен, Дж. and Маунткасл, В.},
	editor = {Соколов, Е. Н.},
	file = {:C$\backslash$:/Users/sanek/Documents/Mendeley Desktop/Unknown/1981/Эделмен, Маунткасл - 1981.pdf:pdf},
	language = {russian},
	mendeley-groups = {Cogntive approach/Brain modelling/Common},
	pages = {135},
	publisher = {Мир},
	title = {{Разумный мозг}},
	translator = {Алексеенко, Н. Ю.},
	year = {1981}
}

@book{Osipov1997,
	address = {М.},
	author = {Осипов, Г. С.},
	language = {russian},
	mendeley-groups = {Artifial Intelligence/DIS},
	pages = {112},
	publisher = {Наука. Физматлит},
	title = {{Приобретение знаний интеллектуальными системами}},
	year = {1997}
}

@incollection{Osipov2015c,
	abstract = {In this paper a sign-based or semiotic formalism is considered. The concept of sign arose in the framework of semiotics. Neurophysiological and psychological researches indicate sign-based structures, which are the basic elements of the world model of a human subject. These elements are formed during his/her activity and communication. In this formalism it was possible to formulate and solve the problem of goal-setting, i.e. generating the goal of behavior.},
	author = {Osipov, Gennady S.},
	booktitle = {Advances in Artificial Intelligence and Soft Computing},
	doi = {10.1007/978-3-319-27060-9_1},
	editor = {Sidorov, Grigori and Galicia-Haro, Sof{\'{i}}a N.},
	file = {:C$\backslash$:/Users/sanek/Documents/Mendeley Desktop/Advances in Artificial Intelligence and Soft Computing/2015/Osipov - 2015(2).pdf:pdf},
	isbn = {978-3-319-27059-3},
	keywords = {15-07-06214,image,meaning,osipov,relationship on the set of signs,sign,significance,the synthesis of behavior},
	mendeley-groups = {Cogntive approach/Cognitive computer modeling},
	mendeley-tags = {15-07-06214,osipov},
	pages = {3--11},
	publisher = {Springer International Publishing},
	series = {Lecture Notes in Computer Science},
	title = {{Signs-Based vs. Symbolic Models}},
	url = {http://link.springer.com/10.1007/978-3-319-27060-9{\_}1},
	year = {2015}
}

@inproceedings{Osipov2016a,
	abstract = {In this paper a sign-based or semiotic formalism is considered. Neurophysio-logical and psychological researches indicate sign-based structures, which are the basic elements of the world model of a human subject. These elements are formed during his/her activity and communication. In this formalism it was possible to formulate and solve the problem of goal-setting, i.e. generating the goal of behavior.},
	author = {Osipov, G. S.},
	booktitle = {2016 IEEE 8th International Conference on Intelligent Systems (IS)},
	doi = {10.1109/IS.2016.7737445},
	editor = {Yager, Ronald and Sgurev, Vassil and Hadjiski, Mincho and Jotsov, Vladimir},
	file = {:C$\backslash$:/Users/sanek/Documents/Mendeley Desktop/2016 IEEE 8th International Conference on Intelligent Systems (IS)/2016/Osipov - 2016.docx:docx;:C$\backslash$:/Users/sanek/Documents/Mendeley Desktop/2016 IEEE 8th International Conference on Intelligent Systems (IS)/2016/Osipov - 2016.pdf:pdf},
	isbn = {978-1-5090-1354-8},
	keywords = {15-07-06214,osipov,scopus},
	mendeley-groups = {Cogntive approach/Cognitive computer modeling},
	mendeley-tags = {15-07-06214,osipov,scopus},
	pages = {22--26},
	publisher = {IEEE},
	title = {{Sign-based representation and word model of actor}},
	url = {http://ieeexplore.ieee.org/abstract/document/7737445/},
	year = {2016}
}

@book{Leontiev1977,
	address = {М.},
	author = {Леонтьев, Алексей Николаевич},
	edition = {Изд. 2-е},
	file = {:C$\backslash$:/Users/sanek/Documents/Mendeley Desktop/Unknown/1977/Леонтьев - 1977.pdf:pdf},
	language = {russian},
	mendeley-groups = {Cogntive approach/Psychology},
	pages = {304},
	publisher = {Политиздат},
	title = {{Деятельность. Сознание. Личность}},
	year = {1977}
}

@book{Pierce2000b,
	address = {СПб.},
	author = {Пирс, Ч. С.},
	file = {:C$\backslash$:/Users/sanek/Documents/Mendeley Desktop/Unknown/2000/Пирс - 2000(2).pdf:pdf},
	isbn = {5893292782},
	keywords = {semiotics},
	language = {russian},
	mendeley-groups = {Artifial Intelligence/Logic},
	mendeley-tags = {semiotics},
	pages = {352},
	publisher = {Алетейя},
	title = {{Начала прагматизма}},
	translator = {Кирющенко, В. В. and Колопотина, М. В.},
	volume = {II},
	year = {2000}
}

@book{Frege2000,
	address = {М.},
	author = {Фреге, Готтлоб},
	editor = {Кузичева, З. А.},
	file = {:C$\backslash$:/Users/sanek/Documents/Mendeley Desktop/Unknown/2000/Фреге - 2000.pdf:pdf},
	keywords = {semiotics},
	language = {russian},
	mendeley-groups = {Artifial Intelligence/Logic},
	mendeley-tags = {semiotics},
	pages = {512},
	publisher = {Аспект Пресс},
	title = {{Логика и логическая семантика: Сборник трудов}},
	translator = {Бирюков, Б. В.},
	year = {2000}
}


@article{Ivanitsky2010,
	author = {Иваницкий, А. М.},
	file = {:C$\backslash$:/Users/sanek/Documents/Mendeley Desktop/Вестник РАН/2010/Иваницкий - 2010.pdf:pdf},
	journal = {Вестник РАН},
	language = {russian},
	mendeley-groups = {Cogntive approach/Consciousness},
	number = {5-6},
	pages = {447--455},
	title = {{Наука о мозге на пути к решению проблемы сознания}},
	volume = {80},
	year = {2010}
}

@book{Edelman1987,
	address = {New York},
	author = {Edelman, G. M.},
	mendeley-groups = {Cogntive approach/Brain modelling/Common},
	pages = {400},
	publisher = {Basic Books},
	title = {{Neural Darwinism: The Theory Of Neuronal Group Selection}},
	year = {1987}
}


@article{Friederici2015,
	abstract = {In animal models the neural basis of cognitive and executive processes has been studied extensively at various hierarchical levels from microcircuits to distributed functional networks. This work already provides compelling evidence that diverse cognitive functions are based on similar basic neuronal mechanisms. More recent data suggest that even cognitive functions realized only in human brains rely on these canonical neuronal mechanisms. Here we argue that language, like other cognitive functions, depends on distributed computations in specialized cortical areas forming large-scale dynamic networks and examine to what extent empirical results support this view.},
	author = {Friederici, Angela D. and Singer, Wolf},
	doi = {10.1016/j.tics.2015.03.012},
	file = {:C$\backslash$:/Users/sanek/Documents/Mendeley Desktop/Trends in Cognitive Sciences/2015/Friederici, Singer - 2015(2).pdf:pdf},
	isbn = {doi:10.1016/j.tics.2015.03.012},
	issn = {1879307X},
	journal = {Trends in Cognitive Sciences},
	keywords = {Language,Neural networks,Oscillation},
	number = {6},
	pages = {329--338},
	pmid = {25890885},
	publisher = {Elsevier Ltd},
	title = {{Grounding language processing on basic neurophysiological principles}},
	url = {http://dx.doi.org/10.1016/j.tics.2015.03.012},
	volume = {19},
	year = {2015}
}

@article{Roy2005,
	author = {Roy, D.},
	doi = {10.1016/j.artint.2005.04.007},
	file = {:C$\backslash$:/Users/sanek/Documents/Mendeley Desktop/Artificial Intelligence/2005/Roy - 2005.pdf:pdf},
	issn = {00043702},
	journal = {Artificial Intelligence},
	keywords = {1,action,and consequently our ability,and the physical world,cross-modal,embodied,grounding,language,language and meaning,meaning,multimodal,perception,representation,schemas,semiotic,semiotics,situated,the relationship between words,to},
	mendeley-groups = {Cogntive approach/Symbol grounding},
	mendeley-tags = {semiotics},
	number = {1-2},
	pages = {170--205},
	title = {{Semiotic schemas: A framework for grounding language in action and perception}},
	url = {http://linkinghub.elsevier.com/retrieve/pii/S0004370205001037},
	volume = {167},
	year = {2005}
}

@inproceedings{Loula2012,
	address = {Birmingham},
	author = {Loula, Angelo and Queiroz, Jo{\~{a}}o},
	booktitle = {AISB/IACAP World Congress 2012: Computational Philosophy, Part of Alan Turing Year 2012},
	file = {:C$\backslash$:/Users/sanek/Documents/Mendeley Desktop/AISBIACAP World Congress 2012 Computational Philosophy, Part of Alan Turing Year 2012/2012/Loula, Queiroz - 2012.pdf:pdf},
	keywords = {semiotics},
	mendeley-tags = {semiotics},
	pages = {102--129},
	title = {{Synthetic Semiotics : on modelling and simulating the emergence of sign processes}},
	year = {2012}
}

@incollection{Fillmore1988,
	address = {М.},
	author = {Филлмор, Ч.},
	booktitle = {Новое в зарубежной лингвистике},
	editor = {Петров, В.В. and Герасимов, В.И.},
	language = {russian},
	pages = {52--92},
	publisher = {Прогресс},
	title = {{Фреймы и семантика понимания}},
	volume = {XXIII},
	year = {1988}
}

@article{Panov2017a,
	abstract = {Behavior planning is an important function of any complex technical facility intelligent control system. Presently, a symbol paradigm of artificial intelligence offers a variety of planning algorithms, including those that use precedent in- formation, i.e. algorithms based on acquired knowledge. A symbol grounding problem within the exiting approaches of knowledge representation does not allow effective use the developed algorithms together with learning mechanisms for the purpose of solving a wide variety of applied problems by actual intelligent agents (robotics systems). This article presents the original planning algorithm (MAP Planner), which uses a sign world model as the basis for acquisition and maintenance of knowledge for future use in behavior planning. the sign problem approach describes planning as a cognitive function actualized by the world model of a subject of activity. Apart from solving symbol grounding problems and ensuring psychological and biological plausibility, a sign planning process model allows interaction of an intelligent agent with other participants in solving a cooperative task. The article presents the description of the knowledge representation method used, a MAP planning algorithm, and a model experiment in a “block world”.},
	author = {Panov, Aleksandr I.},
	doi = {10.1016/j.bica.2016.12.001},
	file = {:C$\backslash$:/Users/sanek/Documents/Mendeley Desktop/Biologically Inspired Cognitive Architectures/2017/Panov - 2017.pdf:pdf;:C$\backslash$:/Users/sanek/Documents/Mendeley Desktop/Biologically Inspired Cognitive Architectures/2017/Panov - 2017(2).pdf:pdf},
	issn = {2212-683X},
	journal = {Biologically Inspired Cognitive Architectures},
	keywords = {16-37-60055,behavior planning,causal matrix,map algorithm,mypub,scopus,semiotic network,sign image,sign personal meaning,sign significance,sign world model,wos{\_}core},
	mendeley-groups = {my{\_}publications},
	mendeley-tags = {16-37-60055,mypub,scopus,wos{\_}core},
	pages = {(In Press)},
	title = {{Behavior Planning of Intelligent Agent with Sign World Model}},
	url = {http://www.sciencedirect.com/science/article/pii/S2212683X16300913},
	volume = {19},
	year = {2017}
}
