@article{Osipov2014c,
author = {Осипов, Г. С. and Панов, А. И. and Чудова, Н. В.},
doi = {10.7868/S000233881404012X},
file = {:C$\backslash$:/Users/sanek/Documents/Mendeley Desktop/Известия Российской академии наук. Теория и системы управления/2014/Осипов, Панов, Чудова - 2014.doc:doc;:C$\backslash$:/Users/sanek/Documents/Mendeley Desktop/Известия Российской академии наук. Теория и системы управления/2014/Осипов, Панов, Чудова - 2014.pdf:pdf},
issn = {0002-3388},
journal = {Известия Российской академии наук. Теория и системы управления},
keywords = {sign,fulllist},
language = {russian},
mendeley-tags = {12-07-00611,elibrary,mypub,vak},
number = {4},
pages = {49--62},
title = {{Управление поведением как функция сознания. I. Картина мира и целеполагание}},
url = {http://elibrary.ru/item.asp?doi=10.7868/S000233881404012X},
year = {2014}
}
@article{Osipov2015d,
author = {Осипов, Г. С. and Панов, А. И. and Чудова, Н. В.},
doi = {10.7868/S0002338815050108},
file = {:C$\backslash$:/Users/sanek/Documents/Mendeley Desktop/Известия Российский академии наук. Теория и системы управления/2015/Осипов, Панов, Чудова - 2015.pdf:pdf},
isbn = {0002-3388},
journal = {Известия Российский академии наук. Теория и системы управления},
keywords = {sign,fulllist},
language = {russian},
mendeley-tags = {14-11-00692,15-07-06214,elibrary,mypub,vak},
number = {6},
pages = {47--61},
title = {{Управление поведением как функция сознания. II. Синтез плана поведения}},
year = {2015}
}





@article{George2009,
abstract = {The theoretical setting of hierarchical Bayesian inference is gaining acceptance as a framework for understanding cortical computation. In this paper, we describe how Bayesian belief propagation in a spatio-temporal hierarchical model, called Hierarchical Temporal Memory (HTM), can lead to a mathematical model for cortical circuits. An HTM node is abstracted using a coincidence detector and a mixture of Markov chains. Bayesian belief propagation equations for such an HTM node define a set of functional constraints for a neuronal implementation. Anatomical data provide a contrasting set of organizational constraints. The combination of these two constraints suggests a theoretically derived interpretation for many anatomical and physiological features and predicts several others. We describe the pattern recognition capabilities of HTM networks and demonstrate the application of the derived circuits for modeling the subjective contour effect. We also discuss how the theory and the circuit can be extended to explain cortical features that are not explained by the current model and describe testable predictions that can be derived from the model.},
author = {George, Dileep and Hawkins, Jeff},
doi = {10.1371/journal.pcbi.1000532},
file = {:C$\backslash$:/Users/sanek/Documents/Mendeley Desktop/PLoS computational biology/2009/George, Hawkins - 2009.pdf:pdf},
issn = {1553-7358},
journal = {PLoS computational biology},
keywords = {simplehtm},
mendeley-groups = {Cogntive approach/Brain modelling/Cortex},
mendeley-tags = {htm},
number = {10},
pages = {e1000532},
pmid = {19816557},
title = {{Towards a mathematical theory of cortical micro-circuits}},
url = {http://www.pubmedcentral.nih.gov/articlerender.fcgi?artid=2749218{\&}tool=pmcentrez{\&}rendertype=abstract},
volume = {5},
year = {2009}
}
@unpublished{Project2011,
archivePrefix = {arXiv},
arxivId = {arXiv:1505.02142v1},
author = {Billaudelle, Sebastian and Ahmad, Subutai},
eprint = {arXiv:1505.02142v1},
file = {:C$\backslash$:/Users/sanek/Documents/Mendeley Desktop/Unknown/2015/Billaudelle, Ahmad - 2015.pdf:pdf},
keywords = {simplehtm},
mendeley-groups = {Cogntive approach/Brain modelling/Cortex},
mendeley-tags = {htm},
pages = {1--10},
title = {{Porting HTM Models to the Heidelberg Neuromorphic Computing Platform}},
year = {2015}
}


@incollection{Skrynnik2016,
author = {Skrynnik, A. and Petrov, A. and Panov, A. I.},
booktitle = {Biologically Inspired Cognitive Architectures (BICA) for Young Scientists},
doi = {10.1007/978-3-319-32554-5_28},
editor = {Samsonovich, Alexei V. and Klimov, Valentin V. and Rybina, Galina V.},
keywords = {hetermem,fulllist},
mendeley-tags = {16-37-60055,myconf,scopus},
pages = {219--225},
publisher = {Springer International Publishing},
series = {Advances in Intelligent Systems and Computing},
title = {{Hierarchical Temporal Memory Implementation with Explicit States Extraction}},
url = {http://link.springer.com/10.1007/978-3-319-32554-5{\_}28},
year = {2016}
}
@article{Panov2014d,
abstract = {В статье рассматривается задача моделирования зрительного восприятия, приводятся основные принципы построения нисходящих моделей. На основе этих принципов приводится формальное определение распознающего блока, как базового математического объекта большинства моделей восприятия. Описывается алгоритм его работы, на основе которого строятся операторы распознавания. Проводится постановка классической статической и динамической задач распознавания и исследуются свойства корректности построенных операторов с использованием алгебраического подхода Ю.И. Журавлева.},
author = {Панов, А. И.},
file = {:C$\backslash$:/Users/sanek/Documents/Mendeley Desktop/Машинное обучение и анализ данных/2014/Панов - 2014.pdf:pdf;:C$\backslash$:/Users/sanek/Documents/Mendeley Desktop/Машинное обучение и анализ данных/2014/Панов - 2014(2).pdf:pdf},
journal = {Машинное обучение и анализ данных},
keywords = {hetermem,fulllist},
language = {russian},
mendeley-tags = {14-07-31194,elibrary,mypub},
number = {7},
pages = {863--874},
title = {{Алгебраические свойства операторов распознавания в моделях зрительного восприятия}},
volume = {1},
year = {2014}
}
@article{velichkovskii2002heterarchy9400831,
    author = "Velichkovsky, B. M.",
    title = "Heterarchy of cognition: The depths and the highs of a framework for memory research",
    journal = "Memory",
    year = "2002",
    volume = "10",
    number = "5-6",
    issn = "0965-8211; 1464-0686",
    doi = "10.1080/09658210244000234",
    pages = "405--419",
    publisher = "United Kingdom",
    address = "United Kingdom",
    annote = "To celebrate the levels-of-processing approach, I describe a multilevel evolutionary architecture for human behaviour and cognition. New experimental data on human eye movements are presented that demonstrate a possibility of splitting visual perceptual activity at least on two hierarchical but closely interrelated levels of processing. Furthermore, data from behavioural studies of human memory and neuroimaging testify that within the domain of cognition proper two higher levels can be differentiated. I call them {"}conceptual structures{"} and {"}metacognitive coordinations{"} and provide evidence that the latter may residue in the phylogenetically new structures of prefrontal and particularly right prefrontal cortices. From this point of few, the most natural framework for an analysis of the levels-of-processing effects on human memory is to consider them as interactions within the main gradients of evolution and development of the corresponding neurophysiological mechanisms. Finally, several new, still unanswered questions for the future research are formulated.",
    language = "english",
    keywords = {hetermem}
}


@article{Emelyanov2016,
author = {Emel'yanov, S. and Makarov, D. and Panov, A. I. and Yakovlev, K.},
doi = {10.1016/j.cogsys.2015.12.008},
issn = {1389-0417},
journal = {Cognitive Systems Research},
keywords = {strl,fulllist},
mendeley-tags = {14-11-00692,mypub,scopus,wos},
pages = {58--72},
title = {{Multilayer cognitive architecture for UAV control}},
url = {http://linkinghub.elsevier.com/retrieve/pii/S1389041716000048},
volume = {39},
year = {2016}
}
@article{Zubarev2013,
abstract = {В статье рассматриваются и анализируются различные подходы к построению архитектуры системы управления беспилотным летательным аппаратом типа «вертолет». На основании проведенного анализа делается вывод о целесообразности применения иерархической, трехуровневой схемы – стратегический уровень, тактический уровень, уровень управления. Описываются решаемые на каждом уровне задачи и дается краткая характеристика методов, подходов и алгоритмов, потенциально применимых для их решения, выделяются наиболее перспективные на взгляд авторов методы и подходы.},
author = {Зубарев, Д. В. and Макаров, Д. А. and Панов, А. И. and Яковлев, К. С.},
file = {:C$\backslash$:/Users/sanek/Documents/Mendeley Desktop/Авиакосмическое приборостроение/2013/Зубарев et al. - 2013.pdf:pdf;:C$\backslash$:/Users/sanek/Documents/Mendeley Desktop/Авиакосмическое приборостроение/2013/Зубарев et al. - 2013.docx:docx},
journal = {Авиакосмическое приборостроение},
keywords = {strl},
language = {russian},
mendeley-tags = {12-07-00611,12-07-31057,12-07-31058,elibrary,mypub},
number = {4},
pages = {10--28},
title = {{Принципы построения многоуровневых архитектур систем управления беспилотными летательными аппаратами}},
year = {2013}
}
@article{Makarov2015a,
abstract = {В работе рассмотрен ряд вопросов, возникающих в области автоматизации управления малыми беспилотными летательными аппаратами (БПЛА) мультироторного типа. Предложена совокупность методов планирования и управления, рассмотрена задача организации взаимодействия различных методов и алгоритмов (авторских и известных) в единую интеллектуальную систему управления БПЛА. Предлагается использование трех уровней управления – стратегического, тактического и реактивного, описывается соответствующая архитектура – STRL (от англ. strategic, tactical, reactive, layered). Использование этой архитектуры позволит автоматизировать управление коалициями БПЛА при решении широкого круга задач в различных средах.},
author = {Макаров, Д. А. and Панов, А. И. and Яковлев, К. С.},
file = {:C$\backslash$:/Users/sanek/Documents/Mendeley Desktop/Искусственный интеллект и принятие решений/2015/Макаров, Панов, Яковлев - 2015.pdf:pdf;:C$\backslash$:/Users/sanek/Documents/Mendeley Desktop/Искусственный интеллект и принятие решений/2015/Макаров, Панов, Яковлев - 2015.doc:doc;:C$\backslash$:/Users/sanek/Documents/Mendeley Desktop/Искусственный интеллект и принятие решений/2015/Макаров, Панов, Яковлев - 2015.pdf:pdf},
journal = {Искусственный интеллект и принятие решений},
keywords = {strl,fulllist},
language = {russian},
mendeley-tags = {14-11-00692,elibrary,mypub,vak},
number = {3},
pages = {18--33},
title = {{Архитектура многоуровневой интеллектуальной системы управления беспилотными летательными аппаратами}},
year = {2015}
}


@incollection{Panov2016a,
author = {Panov, A. I. and Yakovlev, K. S.},
booktitle = {Robot Intelligence Technology and Applications 4},
doi = {10.1007/978-3-319-31293-4_1},
editor = {Kim, Jong-Hwan and Karray, Fakhri and Jo, Jun and Sincak, Peter and Myung, Hyun},
keywords = {plan,fulllist},
mendeley-tags = {14-07-31194,15-37-20893,myconf,scopus},
pages = {3--20},
series = {Advances in Intelligent Systems and Computing},
title = {{Behavior and path planning for the coalition of cognitive robots in smart relocation tasks}},
year = {2016}
}
@article{Panov2016b,
abstract = {Behavior planning is known to be one of the basic cognitive functions, which is essential for any cognitive architecture of any control system used in robotics. At the same time most of the widespread planning algorithms employed in those systems are developed using only approaches and models of Artificial Intelligence and don't take into account numerous results of cognitive experiments. As a result, there is a strong need for novel methods of behavior planning suitable for modern cognitive architectures aimed at robot control. One such method is presented in this work and is studied within a special class of navigation task called smart relocation task. The method is based on the hierarchical two-level model of abstraction and knowledge representation, e.g. symbolic and subsymbolic. On the symbolic level sign world model is used for knowledge representation and hierarchical planning algorithm, MAP, is utilized for planning. On the subsymbolic level the task of path planning is considered and solved as a graph search problem. Interaction between both planners is examined and inter-level interfaces and feedback loops are described. Preliminary experimental results are presented.},
author = {Panov, Aleksandr I. and Yakovlev, Konstantin S.},
doi = {10.1016/j.procs.2016.07.414},
file = {:C$\backslash$:/Users/sanek/Documents/Mendeley Desktop/Procedia Computer Science/2016/Panov, Yakovlev - 2016.pdf:pdf},
issn = {1877-0509},
journal = {Procedia Computer Science},
keywords = {plan,fulllist},
mendeley-tags = {16-11-00048,mypub,scopus},
pages = {115--124},
title = {{Psychologically inspired planning method for smart relocation task}},
volume = {88},
year = {2016}
}

@article{Panov2015h,
abstract = {Рассматриваются особенности представления пространственных и временных знаний для планирования согласованного перемещения коалиции интеллектуальных агентов. В качестве примера подобной задачи рассмотрен перелет группы беспилотных летательных аппаратов в заданную область на местности с препятствиями. Рассматривается знаковый подход к описанию знаний агента, основанный на психологической теории деятельности и биологически правдоподобной иерархической модели распознавания. Особое внимание уделено описанию действий и процессам обучения на основе поступающей первичной информации.},
author = {Панов, А. И.},
file = {:C$\backslash$:/Users/sanek/Documents/Mendeley Desktop/Робототехника и техническая кибернетика/2015/Панов - 2015.docx:docx;:C$\backslash$:/Users/sanek/Documents/Mendeley Desktop/Робототехника и техническая кибернетика/2015/Панов - 2015.pdf:pdf},
journal = {Робототехника и техническая кибернетика},
keywords = {planknow,fulllist},
language = {russian},
mendeley-tags = {14-07-31194,elibrary,mypub},
number = {4(9)},
pages = {34--40},
title = {{Представление знаний автономных агентов, планирующих согласованные перемещения}},
year = {2015}
}

@incollection{Osipov2015c,
	abstract = {In this paper a sign-based or semiotic formalism is considered. The concept of sign arose in the framework of semiotics. Neurophysiological and psychological researches indicate sign-based structures, which are the basic elements of the world model of a human subject. These elements are formed during his/her activity and communication. In this formalism it was possible to formulate and solve the problem of goal-setting, i.e. generating the goal of behavior.},
	author = {Osipov, Gennady S.},
	booktitle = {Advances in Artificial Intelligence and Soft Computing},
	doi = {10.1007/978-3-319-27060-9_1},
	editor = {Sidorov, Grigori and Galicia-Haro, Sof{\'{i}}a N.},
	file = {:C$\backslash$:/Users/sanek/Documents/Mendeley Desktop/Advances in Artificial Intelligence and Soft Computing/2015/Osipov - 2015(2).pdf:pdf},
	isbn = {978-3-319-27059-3},
	keywords = {symbsign,fulllist,signmodel},
	mendeley-groups = {Cogntive approach/Cognitive computer modeling},
	mendeley-tags = {15-07-06214,osipov},
	pages = {3--11},
	publisher = {Springer International Publishing},
	series = {Lecture Notes in Computer Science},
	title = {{Signs-Based vs. Symbolic Models}},
	url = {http://link.springer.com/10.1007/978-3-319-27060-9{\_}1},
	year = {2015}
}

@article{Panov2017a,
	abstract = {Behavior planning is an important function of any complex technical facility intelligent control system. Presently, a symbol paradigm of artificial intelligence offers a variety of planning algorithms, including those that use precedent in- formation, i.e. algorithms based on acquired knowledge. A symbol grounding problem within the exiting approaches of knowledge representation does not allow effective use the developed algorithms together with learning mechanisms for the purpose of solving a wide variety of applied problems by actual intelligent agents (robotics systems). This article presents the original planning algorithm (MAP Planner), which uses a sign world model as the basis for acquisition and maintenance of knowledge for future use in behavior planning. the sign problem approach describes planning as a cognitive function actualized by the world model of a subject of activity. Apart from solving symbol grounding problems and ensuring psychological and biological plausibility, a sign planning process model allows interaction of an intelligent agent with other participants in solving a cooperative task. The article presents the description of the knowledge representation method used, a MAP planning algorithm, and a model experiment in a “block world”.},
	author = {Panov, Aleksandr I.},
	doi = {10.1016/j.bica.2016.12.001},
	file = {:C$\backslash$:/Users/sanek/Documents/Mendeley Desktop/Biologically Inspired Cognitive Architectures/2017/Panov - 2017.pdf:pdf;:C$\backslash$:/Users/sanek/Documents/Mendeley Desktop/Biologically Inspired Cognitive Architectures/2017/Panov - 2017(2).pdf:pdf},
	issn = {2212-683X},
	journal = {Biologically Inspired Cognitive Architectures},
	keywords = {causnet,fulllist,signmodel},
	mendeley-groups = {my{\_}publications},
	mendeley-tags = {16-37-60055,mypub},
	pages = {(In Press)},
	title = {{Behavior Planning of Intelligent Agent with Sign World Model}},
	url = {http://www.sciencedirect.com/science/article/pii/S2212683X16300913},
	volume = {19},
	year = {2017}
}

@inproceedings{Panov2015c,
	abstract = {В работе представлена модель одной из когнитивных функций человека – восприятия. В качестве базового алгоритма обучения выбран один из алгоритмов предсказательной памяти – иерархическая временная память (Hierarchical temporal memory, HTM). Продемонстрирована сводимость данного алгоритма к функционированию иерархии распознающих автоматов специального вида. Приведены результаты модельных экспериментов по распознаванию серии простых изображений.},
	address = {М.},
	author = {Панов, А. И. and Петров, А. В.},
	booktitle = {Шестая Международная конференция «Системный анализ и информационные технологии» САИТ-2015 (15-20 июня 2015 г., г. Светлогорск, Россия): Труды конференции. В 2-х т.},
	file = {:C$\backslash$:/Users/sanek/Documents/Mendeley Desktop/Шестая Международная конференция «Системный анализ и информационные технологии» САИТ-2015 (15-20 июня 2015 г., г. Светлогорск, Росс. В 2-х т/2015/Панов, Петров - 2015.pdf:pdf;:C$\backslash$:/Users/sanek/Documents/Mendeley Desktop/Шестая Международная конференция «Системный анализ и информационные технологии» САИТ-2015 (15-20 июня 2015 г., г. Светлогорск, Росс. В 2-х т/2015/Панов, Петров - 2015(2).pdf:pdf;:C$\backslash$:/Users/sanek/Documents/Mendeley Desktop/Шестая Международная конференция «Системный анализ и информационные технологии» САИТ-2015 (15-20 июня 2015 г., г. Светлогорск, Росс. В 2-х т/2015/Панов, Петров - 2015.doc:doc},
	keywords = {htmlearn},
	language = {russian},
	mendeley-groups = {my{\_}publications},
	mendeley-tags = {14-07-31194,15-07-06214,myconf},
	pages = {198--202},
	publisher = {ИСА РАН},
	title = {{Иерархическая временная память как модель восприятия и её автоматное представление}},
	volume = {1},
	year = {2015}
}

@inproceedings{Osipov2016a,
	abstract = {In this paper a sign-based or semiotic formalism is considered. Neurophysio-logical and psychological researches indicate sign-based structures, which are the basic elements of the world model of a human subject. These elements are formed during his/her activity and communication. In this formalism it was possible to formulate and solve the problem of goal-setting, i.e. generating the goal of behavior.},
	author = {Osipov, G. S.},
	booktitle = {2016 IEEE 8th International Conference on Intelligent Systems (IS)},
	doi = {10.1109/IS.2016.7737445},
	editor = {Yager, Ronald and Sgurev, Vassil and Hadjiski, Mincho and Jotsov, Vladimir},
	file = {:C$\backslash$:/Users/sanek/Documents/Mendeley Desktop/2016 IEEE 8th International Conference on Intelligent Systems (IS)/2016/Osipov - 2016.docx:docx;:C$\backslash$:/Users/sanek/Documents/Mendeley Desktop/2016 IEEE 8th International Conference on Intelligent Systems (IS)/2016/Osipov - 2016.pdf:pdf},
	isbn = {978-1-5090-1354-8},
	keywords = {signoper,fulllist},
	mendeley-groups = {Cogntive approach/Cognitive computer modeling},
	mendeley-tags = {15-07-06214,osipov,scopus},
	pages = {22--26},
	publisher = {IEEE},
	title = {{Sign-based representation and word model of actor}},
	url = {http://ieeexplore.ieee.org/abstract/document/7737445/},
	year = {2016}
}

@article{Panov2016d,
	abstract = {В работе исследуется задача автоматического планирования в контексте более общей проблемы создания интеллектуальных систем управления сложными техническими объектами (мобильными роботами, беспилотными транспортными средствами и др.). Основное внимание уделяется задачам, которые не могут быть решены без взаимодействия методов стратегического (символьного) и тактического (субсимвольного) планирования. В работе предлагаются оригинальные методы планирования на символьном (психологически правдоподобное планирование поведения агента) и субсимвольном (планирование траектории) уровнях. Описываются способы их взаимной увязки и возникающие прямые и обратные связи. Приводится описание применения указанных алгоритмов на модельном примере задачи коллективного перемещения в динамической среде с разрушаемыми препятствиями.},
	author = {Панов, А. И. and Яковлев, К. С.},
	file = {:C$\backslash$:/Users/sanek/Documents/Mendeley Desktop/Искусственный интеллект и принятие решений/2016/Панов, Яковлев - 2016.doc:doc;:C$\backslash$:/Users/sanek/Documents/Mendeley Desktop/Искусственный интеллект и принятие решений/2016/Панов, Яковлев - 2016.pdf:pdf},
	journal = {Искусственный интеллект и принятие решений},
	keywords = {behplanrus,fulllist},
	language = {russian},
	mendeley-groups = {my{\_}publications},
	mendeley-tags = {15-37-20893,16-37-60055,elibrary,mypub,vak},
	number = {4},
	pages = {68--78},
	title = {{Взаимодействие стратегического и тактического планирования поведения коалиций агентов в динамической среде}},
	url = {http://aidt.ru/index.php?option=com{\_}content{\&}view=article{\&}id=740:a-i-panov-k-s-yakovlev-vzaimodejstvie-strategicheskogo-i-takticheskogo-planirovaniya-povedeniya-koalitsii-agentov-v-dinamicheskoj-srede{\&}catid=291:modelirovanie-povedeniya-i-upravlenie{\&}Itemid=},
	year = {2016}
}

@article{Doya2000a,
	abstract = {The classical notion that the basal ganglia and the cerebellum are dedicated to motor control has been challenged by the accumulation of evidence revealing their involvement in non- motor, cognitive functions. From a computational viewpoint, it has been suggested that the cerebellum, the basal ganglia, and the cerebral cortex are specialized for different types of learning: namely, supervised learning, reinforcement learning and unsupervised learning, respectively. This idea of learning- oriented specialization is helpful in understanding the complementary roles of the basal ganglia and the cerebellum in motor control and cognitive functions},
	author = {Doya, Kenji},
	doi = {10.1016/S0959-4388(00)00153-7},
	file = {:C$\backslash$:/Users/sanek/Documents/Mendeley Desktop/Current Opinion in Neurobiology/2000/Doya - 2000.pdf:pdf},
	isbn = {0959-4388},
	issn = {09594388},
	journal = {Current Opinion in Neurobiology},
	keywords = {doya},
	mendeley-groups = {Cogntive approach/Brain modelling/Basal ganglions},
	mendeley-tags = {review{\_}neurophis},
	month = {dec},
	number = {6},
	pages = {732--739},
	pmid = {11240282},
	title = {{Complementary roles of basal ganglia and cerebellum in learning and motor control}},
	url = {http://linkinghub.elsevier.com/retrieve/pii/S0959438800001537},
	volume = {10},
	year = {2000}
}

@article{Panov2016b,
	author = {Осипов, Г. С. and Панов, А. И.},
	file = {:C$\backslash$:/Users/sanek/Documents/Mendeley Desktop/Искусственный интеллект и принятие решений/2017/Осипов, Панов - 2017.pdf:pdf},
	journal = {Искусственный интеллект и принятие решений},
	mendeley-groups = {my{\_}publications},
	number = {1},
	keywords = {signopernew,fulllist},
	pages = {(В печати)},
	title = {{Знаковая картина мира. Отношения и операции}},
	year = {2017}
}

@book{Sutton2011,
	address = {М.},
	author = {Саттон, Р.С. and Барто, Э. Г.},
	edition = {2-е},
	file = {:C$\backslash$:/Users/sanek/Documents/Mendeley Desktop/Unknown/2011/Саттон, Барто - 2011.pdf:pdf},
	language = {russian},
	mendeley-groups = {Reinforcement},
	keywords={rlearn},
	pages = {399},
	publisher = {БИНОМ. Лаборатория знаний},
	title = {{Обучение с подкреплением}},
	year = {2011}
}
