
@ARTICLE{Aha199137,
author={Aha, D.W. and Kibler, D. and Albert, M.K.},
title={Instance-based learning algorithms},
journal={Machine Learning},
year={1991},
volume={6},
number={1},
pages={37-66},
doi={10.1007/BF00153759},
note={cited By 2311},
url={https://www.scopus.com/inward/record.uri?eid=2-s2.0-0025725905&doi=10.1007%2fBF00153759&partnerID=40&md5=792c82d7e84c6c82f45f02c6d8d15640},
document_type={Article},
source={Scopus},
}

@ARTICLE{Wettschereck1997273,
author={Wettschereck, D. and Aha, D.W. and Mohri, T.},
title={A Review and Empirical Evaluation of Feature Weighting Methods for a Class of Lazy Learning Algorithms},
journal={Artificial Intelligence Review},
year={1997},
volume={11},
number={1-5},
pages={273-314},
note={cited By 406},
url={https://www.scopus.com/inward/record.uri?eid=2-s2.0-0031073477&partnerID=40&md5=8d8c3bb92ed1775eb1e2d28b423b1b6e},
document_type={Review},
source={Scopus},
}

@ARTICLE{Aha1992267,
author={Aha, D.W.},
title={Tolerating noisy, irrelevant and novel attributes in instance-based learning algorithms},
journal={International Journal of Man-Machine Studies},
year={1992},
volume={36},
number={2},
pages={267-287},
doi={10.1016/0020-7373(92)90018-G},
note={cited By 255},
url={https://www.scopus.com/inward/record.uri?eid=2-s2.0-0000217085&doi=10.1016%2f0020-7373%2892%2990018-G&partnerID=40&md5=2d1e796df291cbd6c18900d29756f62f},
document_type={Article},
source={Scopus},
}


@CONFERENCE{Molineaux20101548,
	author={Molineaux, M. and Klenk, M. and Aha, D.W.},
	title={Goal-driven autonomy in a Navy strategy simulation},
	journal={Proceedings of the National Conference on Artificial Intelligence},
	year={2010},
	volume={3},
	pages={1548-1554},
	note={cited By 31},
	url={https://www.scopus.com/inward/record.uri?eid=2-s2.0-77958608845&partnerID=40&md5=51db1ba0dc8e38cb3125e78c1d9ca5e6},
	document_type={Conference Paper},
	source={Scopus},
}

@ARTICLE{Klenk2013187,
	author={Klenk, M. and Molineaux, M. and Aha, D.W.},
	title={Goal-driven autonomy for responding to unexpected events in strategy simulations},
	journal={Computational Intelligence},
	year={2013},
	volume={29},
	number={2},
	pages={187-206},
	doi={10.1111/j.1467-8640.2012.00445.x},
	note={cited By 21},
	url={https://www.scopus.com/inward/record.uri?eid=2-s2.0-84877285929&doi=10.1111%2fj.1467-8640.2012.00445.x&partnerID=40&md5=5b55f114ff4c4006ae036bb516491b16},
	document_type={Article},
	source={Scopus},
}

@CONFERENCE{Jaidee20112450,
	author={Jaidee, U. and Mu√±oz-Avila, H. and Aha, D.W.},
	title={Integrated learning for goal-driven autonomy},
	journal={IJCAI International Joint Conference on Artificial Intelligence},
	year={2011},
	pages={2450-2455},
	doi={10.5591/978-1-57735-516-8/IJCAI11-408},
	note={cited By 18},
	url={https://www.scopus.com/inward/record.uri?eid=2-s2.0-84868278202&doi=10.5591%2f978-1-57735-516-8%2fIJCAI11-408&partnerID=40&md5=ee4acf9b135442d349f87a15745587c9},
	document_type={Conference Paper},
	source={Scopus},
}
