
@ARTICLE{Aha199137,
author={Aha, D.W. and Kibler, D. and Albert, M.K.},
title={Instance-based learning algorithms},
journal={Machine Learning},
year={1991},
volume={6},
number={1},
pages={37-66},
doi={10.1007/BF00153759},
note={cited By 2311},
url={https://www.scopus.com/inward/record.uri?eid=2-s2.0-0025725905&doi=10.1007%2fBF00153759&partnerID=40&md5=792c82d7e84c6c82f45f02c6d8d15640},
document_type={Article},
source={Scopus},
}

@ARTICLE{Wettschereck1997273,
author={Wettschereck, D. and Aha, D.W. and Mohri, T.},
title={A Review and Empirical Evaluation of Feature Weighting Methods for a Class of Lazy Learning Algorithms},
journal={Artificial Intelligence Review},
year={1997},
volume={11},
number={1-5},
pages={273-314},
note={cited By 406},
url={https://www.scopus.com/inward/record.uri?eid=2-s2.0-0031073477&partnerID=40&md5=8d8c3bb92ed1775eb1e2d28b423b1b6e},
document_type={Review},
source={Scopus},
}

@ARTICLE{Aha1992267,
author={Aha, D.W.},
title={Tolerating noisy, irrelevant and novel attributes in instance-based learning algorithms},
journal={International Journal of Man-Machine Studies},
year={1992},
volume={36},
number={2},
pages={267-287},
doi={10.1016/0020-7373(92)90018-G},
note={cited By 255},
url={https://www.scopus.com/inward/record.uri?eid=2-s2.0-0000217085&doi=10.1016%2f0020-7373%2892%2990018-G&partnerID=40&md5=2d1e796df291cbd6c18900d29756f62f},
document_type={Article},
source={Scopus},
}

@ARTICLE{Aha199137,
author={Aha, D.W. and Kibler, D. and Albert, M.K.},
title={Instance-Based Learning Algorithms},
journal={Machine Learning},
year={1991},
volume={6},
number={1},
pages={37-66},
doi={10.1023/A:1022689900470},
note={cited By 214},
url={https://www.scopus.com/inward/record.uri?eid=2-s2.0-84951512619&doi=10.1023%2fA%3a1022689900470&partnerID=40&md5=7e02ca136d62526d4bcfeda1e2ccc853},
document_type={Article},
source={Scopus},
}

@ARTICLE{Aha20019,
author={Aha, D.W. and Breslow, L.A. and Muñoz-Avila, H.},
title={Conversational case-based reasoning},
journal={Applied Intelligence},
year={2001},
volume={14},
number={1},
pages={9-32},
doi={10.1023/A:1008346807097},
note={cited By 127},
url={https://www.scopus.com/inward/record.uri?eid=2-s2.0-0035066101&doi=10.1023%2fA%3a1008346807097&partnerID=40&md5=c117fc2a6adf106e5427225185596066},
document_type={Article},
source={Scopus},
}

@ARTICLE{Breslow19971,
author={Breslow, L.A. and Aha, D.W.},
title={Simplifying decision trees: A survey},
journal={Knowledge Engineering Review},
year={1997},
volume={12},
number={1},
pages={1-40},
note={cited By 127},
url={https://www.scopus.com/inward/record.uri?eid=2-s2.0-0031101089&partnerID=40&md5=4cd7790927c6a1155dcf66e84b46101e},
document_type={Review},
source={Scopus},
}

@ARTICLE{Wettschereck1995347,
author={Wettschereck, D. and Aha, D.W.},
title={Weighting features},
journal={Lecture Notes in Computer Science (including subseries Lecture Notes in Artificial Intelligence and Lecture Notes in Bioinformatics)},
year={1995},
volume={1010},
pages={347-358},
note={cited By 119},
url={https://www.scopus.com/inward/record.uri?eid=2-s2.0-84947788882&partnerID=40&md5=4d960743f0ac6e64249ba3a8cd2c2230},
document_type={Conference Paper},
source={Scopus},
}

@ARTICLE{Weber200117,
author={Weber, R. and Aha, D.W. and Becerra-Fernandez, I.},
title={Intelligent lessons learned systems},
journal={Expert Systems with Applications},
year={2001},
volume={20},
number={1},
pages={17-34},
doi={10.1016/S0957-4174(00)00046-4},
note={cited By 106},
url={https://www.scopus.com/inward/record.uri?eid=2-s2.0-0035148164&doi=10.1016%2fS0957-4174%2800%2900046-4&partnerID=40&md5=33ee159e4da4a067fe6dfffaa45331a5},
document_type={Article},
source={Scopus},
}

@ARTICLE{Aha1998261,
author={Aha, D.W.},
title={The omnipresence of case-based reasoning in science and application},
journal={Knowledge-Based Systems},
year={1998},
volume={11},
number={5-6},
pages={261-273},
note={cited By 102},
url={https://www.scopus.com/inward/record.uri?eid=2-s2.0-0032206533&partnerID=40&md5=55c39033c0288ea46c538047758688ea},
document_type={Article},
source={Scopus},
}

@CONFERENCE{Aha20055,
author={Aha, D.W. and Molineaux, M. and Ponsen, M.},
title={Learning to win: Case-based plan selection in a real-time strategy game},
journal={Lecture Notes in Artificial Intelligence (Subseries of Lecture Notes in Computer Science)},
year={2005},
volume={3620},
pages={5-20},
note={cited By 97},
url={https://www.scopus.com/inward/record.uri?eid=2-s2.0-26944456343&partnerID=40&md5=2c23732f8fff739d6b71023d1b634b20},
document_type={Conference Paper},
source={Scopus},
}

@ARTICLE{Aha1997267,
author={Aha, D.W. and Breslow, L.A.},
title={Refining conversational case libraries},
journal={Lecture Notes in Computer Science (including subseries Lecture Notes in Artificial Intelligence and Lecture Notes in Bioinformatics)},
year={1997},
volume={1266},
pages={267-278},
doi={10.1007/3-540-63233-6_498},
note={cited By 93},
url={https://www.scopus.com/inward/record.uri?eid=2-s2.0-84957581063&doi=10.1007%2f3-540-63233-6_498&partnerID=40&md5=ff9dd7faf0f6036b24502dcf1455481c},
document_type={Conference Paper},
source={Scopus},
}

@ARTICLE{Kibler198951,
author={Kibler, D. and Aha, D.W. and Albert, M.K.},
title={Instance‐based prediction of real‐valued attributes},
journal={Computational Intelligence},
year={1989},
volume={5},
number={2},
pages={51-57},
doi={10.1111/j.1467-8640.1989.tb00315.x},
note={cited By 70},
url={https://www.scopus.com/inward/record.uri?eid=2-s2.0-0001892558&doi=10.1111%2fj.1467-8640.1989.tb00315.x&partnerID=40&md5=370e9e9afb4ab5c2c24f23c76db4ca1c},
document_type={Article},
source={Scopus},
}

@ARTICLE{Weber2003287,
author={Weber, R.O. and Aha, D.W.},
title={Intelligent delivery of military lessons learned},
journal={Decision Support Systems},
year={2003},
volume={34},
number={3},
pages={287-304},
doi={10.1016/S0167-9236(02)00122-7},
note={cited By 53},
url={https://www.scopus.com/inward/record.uri?eid=2-s2.0-0037290089&doi=10.1016%2fS0167-9236%2802%2900122-7&partnerID=40&md5=7de5e5480c30339469c64e0750b9c90d},
document_type={Article},
source={Scopus},
}

@ARTICLE{McDowell20092777,
author={McDowell, L.K. and Gupta, K.M. and Aha, D.W.},
title={Cautious collective classification},
journal={Journal of Machine Learning Research},
year={2009},
volume={10},
pages={2777-2836},
note={cited By 47},
url={https://www.scopus.com/inward/record.uri?eid=2-s2.0-75249087898&partnerID=40&md5=91b07ac51fd976929e7321ce724952d3},
document_type={Article},
source={Scopus},
}

@ARTICLE{Marling200269,
author={Marling, C. and Sqalli, M. and Rissland, E. and Muñoz-Avila, H. and Aha, D.},
title={Case-based reasoning integrations},
journal={AI Magazine},
year={2002},
volume={23},
number={1},
pages={69-86},
note={cited By 41},
url={https://www.scopus.com/inward/record.uri?eid=2-s2.0-0036503152&partnerID=40&md5=d85c2bb6bb20f02a9cb4891163d33047},
document_type={Article},
source={Scopus},
}

@CONFERENCE{McDowell2007596,
author={McDowell, L.K. and Gupta, K.M. and Aha, D.W.},
title={Cautious inference in collective classification},
journal={Proceedings of the National Conference on Artificial Intelligence},
year={2007},
volume={1},
pages={596-601},
note={cited By 38},
url={https://www.scopus.com/inward/record.uri?eid=2-s2.0-36349037124&partnerID=40&md5=3c4a33c58e7e01c2b2ab911abd1afd9c},
document_type={Conference Paper},
source={Scopus},
}

@ARTICLE{Ponsen200675,
author={Ponsen, M. and Muñoz-Avila, H. and Spronck, P. and Aha, D.W.},
title={Automatically generating game tactics through evolutionary learning},
journal={AI Magazine},
year={2006},
volume={27},
number={3},
pages={75-84},
note={cited By 36},
url={https://www.scopus.com/inward/record.uri?eid=2-s2.0-33750138766&partnerID=40&md5=87e1c07c80207b02ec7563bc38ff11f4},
document_type={Article},
source={Scopus},
}

@ARTICLE{Bazell2001219,
author={Bazell, D. and Aha, D.W.},
title={Ensembles of classifiers for morphological galaxy classification},
journal={Astrophysical Journal},
year={2001},
volume={548},
number={1 PART 1},
pages={219-223},
doi={10.1086/318696},
note={cited By 32},
url={https://www.scopus.com/inward/record.uri?eid=2-s2.0-0035835579&doi=10.1086%2f318696&partnerID=40&md5=12cacfa972a11ad787233299c4048fee},
document_type={Article},
source={Scopus},
}

@CONFERENCE{Munoz-Avila1999870,
author={Munoz-Avila, Hector and Aha, David W. and Breslow, Len and Nau, Dana},
title={HICAP: an interactive case-based planning architecture and its application to noncombatant evacuation operations},
journal={Proceedings of the National Conference on Artificial Intelligence},
year={1999},
pages={870-875},
note={cited By 32},
url={https://www.scopus.com/inward/record.uri?eid=2-s2.0-0032596390&partnerID=40&md5=3d1b38c328969b608fa0d9bd031955bc},
document_type={Article},
source={Scopus},
}

@ARTICLE{Aha1998262,
author={Aha, D.W. and Maney, T. and Breslow, L.A.},
title={Supporting dialogue inferencing in conversational case-based reasoning},
journal={Lecture Notes in Computer Science (including subseries Lecture Notes in Artificial Intelligence and Lecture Notes in Bioinformatics)},
year={1998},
volume={1488},
pages={262-273},
doi={10.1007/BFb0056339},
note={cited By 32},
url={https://www.scopus.com/inward/record.uri?eid=2-s2.0-84958646777&doi=10.1007%2fBFb0056339&partnerID=40&md5=a2aaec750e2c6e2fb1a07e8681d3b7a2},
document_type={Conference Paper},
source={Scopus},
}

@ARTICLE{Aha199713,
author={Aha, D.W. and Bankert, R.L.},
title={Cloud classification using error-correcting output codes},
journal={AI Applications},
year={1997},
volume={11},
number={1},
pages={13-28},
note={cited By 32},
url={https://www.scopus.com/inward/record.uri?eid=2-s2.0-0031399486&partnerID=40&md5=a247a588cc5737fdfe2c21a06b58a06f},
document_type={Article},
source={Scopus},
}

@CONFERENCE{Molineaux20101548,
author={Molineaux, M. and Klenk, M. and Aha, D.W.},
title={Goal-driven autonomy in a Navy strategy simulation},
journal={Proceedings of the National Conference on Artificial Intelligence},
year={2010},
volume={3},
pages={1548-1554},
note={cited By 31},
url={https://www.scopus.com/inward/record.uri?eid=2-s2.0-77958608845&partnerID=40&md5=51db1ba0dc8e38cb3125e78c1d9ca5e6},
document_type={Conference Paper},
source={Scopus},
}

@CONFERENCE{Muñoz-Avila2001999,
author={Muñoz-Avila, H. and Aha, D.W. and Nau, D.S. and Weber, R. and Breslow, L. and Yamal, F.},
title={SiN: Integrating case-based reasoning with task decomposition},
journal={IJCAI International Joint Conference on Artificial Intelligence},
year={2001},
pages={999-1004},
note={cited By 31},
url={https://www.scopus.com/inward/record.uri?eid=2-s2.0-84880854395&partnerID=40&md5=2b2b24b6e9f1b6666bc88c4ed749178f},
document_type={Conference Paper},
source={Scopus},
}

@ARTICLE{Aha2005247,
author={Aha, D.W. and Mcsherry, D. and Yang, Q.},
title={Advances in conversational case-based reasoning},
journal={Knowledge Engineering Review},
year={2005},
volume={20},
number={3},
pages={247-254},
doi={10.1017/S0269888906000531},
note={cited By 27},
url={https://www.scopus.com/inward/record.uri?eid=2-s2.0-33646573961&doi=10.1017%2fS0269888906000531&partnerID=40&md5=5f4f537e547e8dee5c0f69fba88003af},
document_type={Review},
source={Scopus},
}

@CONFERENCE{Laviers200958,
author={Laviers, K. and Sukthankar, G. and Molineaux, M. and Aha, D.W.},
title={Improving offensive performance through opponent modeling},
journal={Proceedings of the 5th Artificial Intelligence and Interactive Digital Entertainment Conference, AIIDE 2009},
year={2009},
pages={58-63},
note={cited By 25},
url={https://www.scopus.com/inward/record.uri?eid=2-s2.0-84883115026&partnerID=40&md5=42bc008c54435d01a32c782b4c454745},
document_type={Conference Paper},
source={Scopus},
}

@CONFERENCE{Molineaux2008257,
author={Molineaux, M. and Aha, D.W. and Moore, P.},
title={Learning continuous action models in a real-time strategy environment},
journal={Proceedings of the 21th International Florida Artificial Intelligence Research Society Conference, FLAIRS-21},
year={2008},
pages={257-262},
note={cited By 25},
url={https://www.scopus.com/inward/record.uri?eid=2-s2.0-55849083055&partnerID=40&md5=5d35065a0c1511a0d76a4fd491a11088},
document_type={Conference Paper},
source={Scopus},
}

@ARTICLE{Ponsen200759,
author={Ponsen, M. and Spronck, P. and Muñoz-Avila, H. and Aha, D.W.},
title={Knowledge acquisition for adaptive game AI},
journal={Science of Computer Programming},
year={2007},
volume={67},
number={1},
pages={59-75},
doi={10.1016/j.scico.2007.01.006},
note={cited By 24},
url={https://www.scopus.com/inward/record.uri?eid=2-s2.0-34249940546&doi=10.1016%2fj.scico.2007.01.006&partnerID=40&md5=efee82d388244c0bc6d23e991d2f1bda},
document_type={Article},
source={Scopus},
}

@ARTICLE{Aha20017,
author={Aha, D.W. and Muñoz-Avila, H.},
title={Introduction: Interactive case-based reasoning},
journal={Applied Intelligence},
year={2001},
volume={14},
number={1},
pages={7-8},
doi={10.1023/A:1008305406188},
note={cited By 24},
url={https://www.scopus.com/inward/record.uri?eid=2-s2.0-0035069248&doi=10.1023%2fA%3a1008305406188&partnerID=40&md5=0be676da3c2371f976fe8f8f048896c6},
document_type={Editorial},
source={Scopus},
}

@ARTICLE{Bankert19962036,
author={Bankert, R.L. and Aha, D.W.},
title={Improvement to a neural network cloud classifier},
journal={Journal of Applied Meteorology},
year={1996},
volume={35},
number={11},
pages={2036-2039},
note={cited By 24},
url={https://www.scopus.com/inward/record.uri?eid=2-s2.0-0030377217&partnerID=40&md5=ede81107c49031d3fede77da0a64307f},
document_type={Article},
source={Scopus},
}

@ARTICLE{Kasif1998287,
author={Kasif, S. and Salzberg, S. and Waltz, D. and Rachlin, J. and Aha, D.W.},
title={A probabilistic framework for memory-based reasoning},
journal={Artificial Intelligence},
year={1998},
volume={104},
number={1-2},
pages={287-311},
note={cited By 23},
url={https://www.scopus.com/inward/record.uri?eid=2-s2.0-0032156226&partnerID=40&md5=64fd6f11ace46ff1b34f16cd380a053f},
document_type={Article},
source={Scopus},
}

@ARTICLE{Klenk2013187,
author={Klenk, M. and Molineaux, M. and Aha, D.W.},
title={Goal-driven autonomy for responding to unexpected events in strategy simulations},
journal={Computational Intelligence},
year={2013},
volume={29},
number={2},
pages={187-206},
doi={10.1111/j.1467-8640.2012.00445.x},
note={cited By 21},
url={https://www.scopus.com/inward/record.uri?eid=2-s2.0-84877285929&doi=10.1111%2fj.1467-8640.2012.00445.x&partnerID=40&md5=5b55f114ff4c4006ae036bb516491b16},
document_type={Article},
source={Scopus},
}

@CONFERENCE{Ponsen20051535,
author={Ponsen, M.J.V. and Muñoz-Avila, H. and Spronck, P. and Aha, D.W.},
title={Automatically acquiring domain knowledge for adaptive game AI using evolutionary learning},
journal={Proceedings of the National Conference on Artificial Intelligence},
year={2005},
volume={3},
pages={1535-1540},
note={cited By 21},
url={https://www.scopus.com/inward/record.uri?eid=2-s2.0-29344448058&partnerID=40&md5=ce0506bb150df338d205b9f1859d42c4},
document_type={Conference Paper},
source={Scopus},
}

@CONFERENCE{McDowell2012975,
author={McDowell, L.K. and Aha, D.W.},
title={Semi-supervised collective classification via hybrid label regularization},
journal={Proceedings of the 29th International Conference on Machine Learning, ICML 2012},
year={2012},
volume={1},
pages={975-982},
note={cited By 20},
url={https://www.scopus.com/inward/record.uri?eid=2-s2.0-84867118277&partnerID=40&md5=02967c7a8d836f4ba9c65ba98c31b2ea},
document_type={Conference Paper},
source={Scopus},
}

@CONFERENCE{Ilghami2005337,
author={Ilghami, O. and Muñoz-Avila, H. and Nau, D.S. and Aha, D.W.},
title={Learning approximate preconditions for methods in hierarchical plans},
journal={ICML 2005 - Proceedings of the 22nd International Conference on Machine Learning},
year={2005},
pages={337-344},
doi={10.1145/1102351.1102394},
note={cited By 20},
url={https://www.scopus.com/inward/record.uri?eid=2-s2.0-31844435717&doi=10.1145%2f1102351.1102394&partnerID=40&md5=551d6f1177336b76b43cf7d0fcde0514},
document_type={Conference Paper},
source={Scopus},
}

@ARTICLE{Rossi2012363,
author={Rossi, R.A. and McDowell, L.K. and Aha, D.W. and Neville, J.},
title={Transforming graph data for statistical relational learning},
journal={Journal of Artificial Intelligence Research},
year={2012},
volume={45},
pages={363-441},
doi={10.1613/jair.3659},
note={cited By 19},
url={https://www.scopus.com/inward/record.uri?eid=2-s2.0-84875176128&doi=10.1613%2fjair.3659&partnerID=40&md5=8c9da3e0d2a4221b3f00b33c683209fa},
document_type={Article},
source={Scopus},
}

@CONFERENCE{Jaidee20112450,
author={Jaidee, U. and Muñoz-Avila, H. and Aha, D.W.},
title={Integrated learning for goal-driven autonomy},
journal={IJCAI International Joint Conference on Artificial Intelligence},
year={2011},
pages={2450-2455},
doi={10.5591/978-1-57735-516-8/IJCAI11-408},
note={cited By 18},
url={https://www.scopus.com/inward/record.uri?eid=2-s2.0-84868278202&doi=10.5591%2f978-1-57735-516-8%2fIJCAI11-408&partnerID=40&md5=ee4acf9b135442d349f87a15745587c9},
document_type={Conference Paper},
source={Scopus},
}

@ARTICLE{Aha2005201,
author={Aha, D.W. and Marling, C. and Watson, I.},
title={Case-based reasoning commentaries: Introduction},
journal={Knowledge Engineering Review},
year={2005},
volume={20},
number={3},
pages={201-202},
doi={10.1017/S026988890600052X},
note={cited By 18},
url={https://www.scopus.com/inward/record.uri?eid=2-s2.0-33646559862&doi=10.1017%2fS026988890600052X&partnerID=40&md5=f30b8569ce7f4bcb51cbd0ad16c0f383},
document_type={Review},
source={Scopus},
}

@ARTICLE{Gupta2002133,
author={Gupta, K.M. and Aha, D.W. and Sandhu, N.},
title={Exploiting taxonomic and causal relations in conversational case retrieval},
journal={Lecture Notes in Computer Science (including subseries Lecture Notes in Artificial Intelligence and Lecture Notes in Bioinformatics)},
year={2002},
volume={2416},
pages={133-147},
note={cited By 17},
url={https://www.scopus.com/inward/record.uri?eid=2-s2.0-84942740860&partnerID=40&md5=ca3c2bb63ab39eadee834500c3858450},
document_type={Conference Paper},
source={Scopus},
}

@CONFERENCE{Abramson2013268,
author={Abramson, M. and Aha, D.W.},
title={User authentication from web browsing behavior},
journal={FLAIRS 2013 - Proceedings of the 26th International Florida Artificial Intelligence Research Society Conference},
year={2013},
pages={268-273},
note={cited By 16},
url={https://www.scopus.com/inward/record.uri?eid=2-s2.0-84889837918&partnerID=40&md5=783f4eb310620235f302c7e6bce03807},
document_type={Conference Paper},
source={Scopus},
}

@ARTICLE{Uthus2013106,
author={Uthus, D.C. and Aha, D.W.},
title={Multiparticipant chat analysis: A survey},
journal={Artificial Intelligence},
year={2013},
volume={199-200},
pages={106-121},
doi={10.1016/j.artint.2013.02.004},
note={cited By 15},
url={https://www.scopus.com/inward/record.uri?eid=2-s2.0-84878874027&doi=10.1016%2fj.artint.2013.02.004&partnerID=40&md5=93ddb6847b727e01d21071e91816c20b},
document_type={Article},
source={Scopus},
}

@ARTICLE{Gupta2009434,
author={Gupta, K.M. and Aha, D.W. and Moore, P.},
title={Case-based collective inference for maritime object classification},
journal={Lecture Notes in Computer Science (including subseries Lecture Notes in Artificial Intelligence and Lecture Notes in Bioinformatics)},
year={2009},
volume={5650 LNAI},
pages={434-449},
doi={10.1007/978-3-642-02998-1_31},
note={cited By 15},
url={https://www.scopus.com/inward/record.uri?eid=2-s2.0-70350398927&doi=10.1007%2f978-3-642-02998-1_31&partnerID=40&md5=5339de71d5b2e3c54e2eccb3a832b335},
document_type={Conference Paper},
source={Scopus},
}

@ARTICLE{Ilghami2005388,
author={Ilghami, O. and Nau, D.S. and Muñoz-Avila, H. and Aha, D.W.},
title={Learning preconditions for planning from plan traces and HTN structure},
journal={Computational Intelligence},
year={2005},
volume={21},
number={4},
pages={388-413},
doi={10.1111/j.1467-8640.2005.00279.x},
note={cited By 15},
url={https://www.scopus.com/inward/record.uri?eid=2-s2.0-33745215657&doi=10.1111%2fj.1467-8640.2005.00279.x&partnerID=40&md5=03dbe7672b183fb5dd6908a70e0205a4},
document_type={Article},
source={Scopus},
}

@CONFERENCE{Auslander2011,
author={Auslander, B. and Gupta, K.M. and Aha, D.W.},
title={A comparative evaluation of anomaly detection algorithms for maritime video surveillance},
journal={Proceedings of SPIE - The International Society for Optical Engineering},
year={2011},
volume={8019},
doi={10.1117/12.883535},
art_number={801907},
note={cited By 14},
url={https://www.scopus.com/inward/record.uri?eid=2-s2.0-79960093464&doi=10.1117%2f12.883535&partnerID=40&md5=cebc16ccac49586d2362d8b5dc0fc0ba},
document_type={Conference Paper},
source={Scopus},
}

@CONFERENCE{Gupta2004172,
author={Gupta, K.M. and Aha, D.W.},
title={Towards acquiring case indexing taxonomies from text},
journal={Proceedings of the Seventeenth International Florida Artificial Intelligence Research Society Conference, FLAIRS 2004},
year={2004},
volume={1},
pages={172-177},
note={cited By 14},
url={https://www.scopus.com/inward/record.uri?eid=2-s2.0-10044235337&partnerID=40&md5=2323faf02aaa9115a8b8249069076472},
document_type={Conference Paper},
source={Scopus},
}

@CONFERENCE{McDowell2013847,
author={McDowell, L.K. and Aha, D.W.},
title={Labels or attributes? Rethinking the neighbors for collective classification in sparsely-labeled networks},
journal={International Conference on Information and Knowledge Management, Proceedings},
year={2013},
pages={847-852},
doi={10.1145/2505515.2505628},
note={cited By 13},
url={https://www.scopus.com/inward/record.uri?eid=2-s2.0-84889566668&doi=10.1145%2f2505515.2505628&partnerID=40&md5=df81ca4bd541cba6153f4bf03929354f},
document_type={Conference Paper},
source={Scopus},
}

@ARTICLE{Muñoz-Avila2010228,
author={Muñoz-Avila, H. and Jaidee, U. and Aha, D.W. and Carter, E.},
title={Goal-driven autonomy with case-based reasoning},
journal={Lecture Notes in Computer Science (including subseries Lecture Notes in Artificial Intelligence and Lecture Notes in Bioinformatics)},
year={2010},
volume={6176 LNAI},
pages={228-241},
doi={10.1007/978-3-642-14274-1_18},
note={cited By 13},
url={https://www.scopus.com/inward/record.uri?eid=2-s2.0-77954963314&doi=10.1007%2f978-3-642-14274-1_18&partnerID=40&md5=ee31af6489caa3e7bffc5fdbbda53a38},
document_type={Conference Paper},
source={Scopus},
}

@CONFERENCE{McDowell2007399,
author={McDowell, L.K. and Gupta, K.M. and Aha, D.W.},
title={Case-based collective classification},
journal={Proceedings of the Twentieth International Florida Artificial Intelligence Research Society Conference, FLAIRS 2007},
year={2007},
pages={399-404},
note={cited By 13},
url={https://www.scopus.com/inward/record.uri?eid=2-s2.0-37349099076&partnerID=40&md5=256efd22d320d0a76e242057ce9ca665},
document_type={Conference Paper},
source={Scopus},
}

@ARTICLE{Ricci1998280,
author={Ricci, F. and Aha, D.W.},
title={Error-correcting output codes for local learners},
journal={Lecture Notes in Computer Science (including subseries Lecture Notes in Artificial Intelligence and Lecture Notes in Bioinformatics)},
year={1998},
volume={1398},
pages={280-291},
note={cited By 13},
url={https://www.scopus.com/inward/record.uri?eid=2-s2.0-84871556450&partnerID=40&md5=c897e01403ca9225c3f67c6b1707b4ed},
document_type={Conference Paper},
source={Scopus},
}

@ARTICLE{Jaidee2013164,
author={Jaidee, U. and Muñoz-Avila, H. and Aha, D.W.},
title={Case-based goal-driven coordination of multiple learning agents},
journal={Lecture Notes in Computer Science (including subseries Lecture Notes in Artificial Intelligence and Lecture Notes in Bioinformatics)},
year={2013},
volume={7969 LNAI},
pages={164-178},
doi={10.1007/978-3-642-39056-2_12},
note={cited By 12},
url={https://www.scopus.com/inward/record.uri?eid=2-s2.0-84884523422&doi=10.1007%2f978-3-642-39056-2_12&partnerID=40&md5=6987ac03e5740ee571389942d08b5388},
document_type={Conference Paper},
source={Scopus},
}

@CONFERENCE{Molineaux20101115,
author={Molineaux, M. and Klenk, M. and Aha, D.W.},
title={Planning in dynamic environments: Extending HTNs with nonlinear continuous effects},
journal={Proceedings of the National Conference on Artificial Intelligence},
year={2010},
volume={2},
pages={1115-1120},
note={cited By 12},
url={https://www.scopus.com/inward/record.uri?eid=2-s2.0-77958545839&partnerID=40&md5=8670a14d87e7b84c0ecc823227069b2b},
document_type={Conference Paper},
source={Scopus},
}

@CONFERENCE{Muñoz-Avila2010465,
author={Muñoz-Avila, H. and Aha, D.W. and Jaidee, U. and Klenk, M. and Molineaux, M.},
title={Applying goal driven autonomy to a team shooter game},
journal={Proceedings of the 23rd International Florida Artificial Intelligence Research Society Conference, FLAIRS-23},
year={2010},
pages={465-470},
note={cited By 12},
url={https://www.scopus.com/inward/record.uri?eid=2-s2.0-77957860641&partnerID=40&md5=44436e9342703194835ca20423ac652b},
document_type={Conference Paper},
source={Scopus},
}

@CONFERENCE{Molineaux2009337,
author={Molineaux, M. and Aha, D.W. and Sukthankar, G.},
title={Beating the defense: Using plan recognition to inform learning agents},
journal={Proceedings of the 22nd International Florida Artificial Intelligence Research Society Conference, FLAIRS-22},
year={2009},
pages={337-342},
note={cited By 12},
url={https://www.scopus.com/inward/record.uri?eid=2-s2.0-70350500065&partnerID=40&md5=a95eae70de7aceea58ad5c5a2c7a1460},
document_type={Conference Paper},
source={Scopus},
}

@ARTICLE{Ladner20081089,
author={Ladner, R. and Petry, F. and Gupta, K.M. and Warner, E. and Moore, P. and Aha, D.W.},
title={Soft computing techniques for web services brokering},
journal={Soft Computing},
year={2008},
volume={12},
number={11},
pages={1089-1098},
doi={10.1007/s00500-008-0277-0},
note={cited By 12},
url={https://www.scopus.com/inward/record.uri?eid=2-s2.0-45849144737&doi=10.1007%2fs00500-008-0277-0&partnerID=40&md5=3fb1b3621042534f4319d8a7a09074f0},
document_type={Article},
source={Scopus},
}

@CONFERENCE{Aha200449,
author={Aha, D.W. and Molineaux, M.},
title={Integrating learning in interactive gaming simulators},
journal={AAAI Workshop - Technical Report},
year={2004},
volume={WS-04-04},
pages={49-53},
note={cited By 12},
url={https://www.scopus.com/inward/record.uri?eid=2-s2.0-32144442028&partnerID=40&md5=b8615d620660dea6eec687d528d5830a},
document_type={Conference Paper},
source={Scopus},
}

@ARTICLE{Aha199431,
author={Aha, D.W. and Lapointe, S. and Ling, C.X. and Matwin, S.},
title={Inverting implication with small training sets},
journal={Lecture Notes in Computer Science (including subseries Lecture Notes in Artificial Intelligence and Lecture Notes in Bioinformatics)},
year={1994},
volume={784 LNCS},
pages={31-48},
note={cited By 12},
url={https://www.scopus.com/inward/record.uri?eid=2-s2.0-85027412238&partnerID=40&md5=a8a66bd4313e248ffee52af2311fb385},
document_type={Conference Paper},
source={Scopus},
}

@CONFERENCE{Powell2011413,
author={Powell, J. and Molineaux, M. and Aha, D.W.},
title={Active and interactive discovery of goal selection knowledge},
journal={Proceedings of the 24th International Florida Artificial Intelligence Research Society, FLAIRS - 24},
year={2011},
pages={413-418},
note={cited By 10},
url={https://www.scopus.com/inward/record.uri?eid=2-s2.0-80052411580&partnerID=40&md5=b0141c7fd893b3c4c2cd1c5ad80b9174},
document_type={Conference Paper},
source={Scopus},
}

@ARTICLE{Aha200929,
author={Aha, D.W. and Molineaux, M. and Sukthankar, G.},
title={Case-based reasoning in transfer learning},
journal={Lecture Notes in Computer Science (including subseries Lecture Notes in Artificial Intelligence and Lecture Notes in Bioinformatics)},
year={2009},
volume={5650 LNAI},
pages={29-44},
doi={10.1007/978-3-642-02998-1_4},
note={cited By 10},
url={https://www.scopus.com/inward/record.uri?eid=2-s2.0-70350350697&doi=10.1007%2f978-3-642-02998-1_4&partnerID=40&md5=7df4c56315e804397c77a7bdd50a912e},
document_type={Conference Paper},
source={Scopus},
}

@CONFERENCE{Aha2001987,
author={Aha, D.W. and Weber, R. and Muñoz-Avila, H. and Breslow, L.A. and Gupta, K.M.},
title={Bridging the lesson distribution gap},
journal={IJCAI International Joint Conference on Artificial Intelligence},
year={2001},
pages={987-992},
note={cited By 10},
url={https://www.scopus.com/inward/record.uri?eid=2-s2.0-84880910917&partnerID=40&md5=70451a95cdfabb50c0fca30c5c0b4c4b},
document_type={Conference Paper},
source={Scopus},
}

@CONFERENCE{Molineaux20051690,
author={Molineaux, M. and Aha, D.W.},
title={TIELT: A testbed for gaming environments},
journal={Proceedings of the National Conference on Artificial Intelligence},
year={2005},
volume={4},
pages={1690-1691},
note={cited By 9},
url={https://www.scopus.com/inward/record.uri?eid=2-s2.0-29344447356&partnerID=40&md5=6dcdd0d332d413ab6c5cfac9cba4bbc1},
document_type={Conference Paper},
source={Scopus},
}

@ARTICLE{Weber2000322,
author={Weber, R. and Aha, D.W. and Muñoz-Ávila, H. and Breslow, L.A.},
title={Active delivery for lessons learned systems},
journal={Lecture Notes in Computer Science (including subseries Lecture Notes in Artificial Intelligence and Lecture Notes in Bioinformatics)},
year={2000},
volume={1898},
pages={322-334},
note={cited By 9},
url={https://www.scopus.com/inward/record.uri?eid=2-s2.0-84948187541&partnerID=40&md5=9670bd46dcc3f57bfb601f888db91046},
document_type={Conference Paper},
source={Scopus},
}

@CONFERENCE{Alford20157,
author={Alford, R. and Bercher, P. and Aha, D.W.},
title={Tight bounds for HTN planning},
journal={Proceedings International Conference on Automated Planning and Scheduling, ICAPS},
year={2015},
volume={2015-January},
pages={7-15},
note={cited By 8},
url={https://www.scopus.com/inward/record.uri?eid=2-s2.0-84943237705&partnerID=40&md5=c93ecddd0ff4e946e8b4bcb4cc1f8a4a},
document_type={Conference Paper},
source={Scopus},
}

@CONFERENCE{Guyon2011793,
author={Guyon, I. and Dror, G. and Lemaire, V. and Taylor, G. and Aha, D.W.},
title={Unsupervised and transfer learning challenge},
journal={Proceedings of the International Joint Conference on Neural Networks},
year={2011},
pages={793-800},
doi={10.1109/IJCNN.2011.6033302},
art_number={6033302},
note={cited By 8},
url={https://www.scopus.com/inward/record.uri?eid=2-s2.0-80054729728&doi=10.1109%2fIJCNN.2011.6033302&partnerID=40&md5=36abca13cbd43f06b19a69d871864483},
document_type={Conference Paper},
source={Scopus},
}

@ARTICLE{Vattam2014495,
author={Vattam, S.S. and Aha, D.W. and Floyd, M.},
title={Case-based plan recognition using action sequence graphs},
journal={Lecture Notes in Computer Science (including subseries Lecture Notes in Artificial Intelligence and Lecture Notes in Bioinformatics)},
year={2014},
volume={8765},
pages={495-510},
note={cited By 7},
url={https://www.scopus.com/inward/record.uri?eid=2-s2.0-84921763694&partnerID=40&md5=15b63a101b94bc4ad18f877e276ce3ee},
document_type={Article},
source={Scopus},
}

@CONFERENCE{Uthus201399,
author={Uthus, D.C. and Aha, D.W.},
title={The Ubuntu chat corpus for multiparticipant chat analysis},
journal={AAAI Spring Symposium - Technical Report},
year={2013},
volume={SS-13-01},
pages={99-102},
note={cited By 7},
url={https://www.scopus.com/inward/record.uri?eid=2-s2.0-84883267437&partnerID=40&md5=f8d9700bfa24fde16a120668835648be},
document_type={Conference Paper},
source={Scopus},
}

@ARTICLE{Jaidee2012182,
author={Jaidee, U. and Muñoz-Avila, H. and Aha, D.W.},
title={Learning and reusing goal-specific policies for goal-driven autonomy},
journal={Lecture Notes in Computer Science (including subseries Lecture Notes in Artificial Intelligence and Lecture Notes in Bioinformatics)},
year={2012},
volume={7466 LNAI},
pages={182-195},
doi={10.1007/978-3-642-32986-9_15},
note={cited By 7},
url={https://www.scopus.com/inward/record.uri?eid=2-s2.0-84866720303&doi=10.1007%2f978-3-642-32986-9_15&partnerID=40&md5=9b9082c17e4c890c11ebea1c96a5d158},
document_type={Conference Paper},
source={Scopus},
}

@CONFERENCE{Auslander20122,
author={Auslander, B. and Gupta, K.M. and Aha, D.W.},
title={Maritime threat detection using probabilistic graphical models},
journal={Proceedings of the 25th International Florida Artificial Intelligence Research Society Conference, FLAIRS-25},
year={2012},
pages={2-7},
note={cited By 7},
url={https://www.scopus.com/inward/record.uri?eid=2-s2.0-84864991513&partnerID=40&md5=e6f6717cd92556dea980cb39a3273387},
document_type={Conference Paper},
source={Scopus},
}

@ARTICLE{Gupta2005792,
author={Gupta, K.M. and Moore, P.G. and Aha, D.W. and Pal, S.K.},
title={Rough set feature selection methods for case-based categorization of text documents},
journal={Lecture Notes in Computer Science (including subseries Lecture Notes in Artificial Intelligence and Lecture Notes in Bioinformatics)},
year={2005},
volume={3776 LNCS},
pages={792-798},
doi={10.1007/11590316_128},
note={cited By 7},
url={https://www.scopus.com/inward/record.uri?eid=2-s2.0-33646729692&doi=10.1007%2f11590316_128&partnerID=40&md5=6bb922ca820527afdfb9bbe7606561c4},
document_type={Conference Paper},
source={Scopus},
}

@ARTICLE{Muñoz-Avila1999163,
author={Muñoz-Avila, H. and Hendler, J.A. and Aha, D.W.},
title={Conversational Case-Based Planning},
journal={New Review of Applied Expert Systems and Emerging Technologies},
year={1999},
volume={5},
pages={163-173},
note={cited By 7},
url={https://www.scopus.com/inward/record.uri?eid=2-s2.0-0033280152&partnerID=40&md5=2b645ea96d1946aba995a1711056540e},
document_type={Article},
source={Scopus},
}

@CONFERENCE{Li200964,
author={Li, N. and Stracuzzi, D.J. and Cleveland, G. and K̈onik, T. and Shapiro, D. and Molineaux, M. and Aha, D. and Ali, K.},
title={Constructing game agents from video of human behavior},
journal={Proceedings of the 5th Artificial Intelligence and Interactive Digital Entertainment Conference, AIIDE 2009},
year={2009},
pages={64-69},
note={cited By 6},
url={https://www.scopus.com/inward/record.uri?eid=2-s2.0-77957884606&partnerID=40&md5=53490180264e7c96cd1a1ef4a1792318},
document_type={Conference Paper},
source={Scopus},
}

@ARTICLE{Aha1997329,
author={Aha, D.W. and Wettschereck, D.},
title={Case-based learning: Beyond classification of feature vectors},
journal={Lecture Notes in Computer Science (including subseries Lecture Notes in Artificial Intelligence and Lecture Notes in Bioinformatics)},
year={1997},
volume={1224},
pages={329-336},
note={cited By 6},
url={https://www.scopus.com/inward/record.uri?eid=2-s2.0-84947939923&partnerID=40&md5=bc653cc26398db1195db6449055db29f},
document_type={Conference Paper},
source={Scopus},
}

@CONFERENCE{Alford20151502,
author={Alford, R. and Bercher, P. and Aha, D.W.},
title={Tight bounds for HTN planning with task insertion},
journal={IJCAI International Joint Conference on Artificial Intelligence},
year={2015},
volume={2015-January},
pages={1502-1508},
note={cited By 5},
url={https://www.scopus.com/inward/record.uri?eid=2-s2.0-84949797747&partnerID=40&md5=99867aa9a927a375009341cbcddbcede},
document_type={Conference Paper},
source={Scopus},
}

@CONFERENCE{Abramson20122,
author={Abramson, M. and Aha, D.W.},
title={What's in a URL? Genre classification from URLs},
journal={AAAI Workshop - Technical Report},
year={2012},
volume={WS-12-09},
pages={2-9},
note={cited By 5},
url={https://www.scopus.com/inward/record.uri?eid=2-s2.0-84875579378&partnerID=40&md5=8450e51ef8ec5e224f538656a333303e},
document_type={Conference Paper},
source={Scopus},
}

@ARTICLE{Klenk201154,
author={Klenk, M. and Aha, D.W. and Molineaux, M.},
title={The case for case-based transfer learning},
journal={AI Magazine},
year={2011},
volume={32},
number={1},
pages={54-69},
note={cited By 5},
url={https://www.scopus.com/inward/record.uri?eid=2-s2.0-79960124981&partnerID=40&md5=b11d3455f95c150fbf0ca3a648f0bdba},
document_type={Article},
source={Scopus},
}

@CONFERENCE{Gupta2009,
author={Gupta, K.M. and Aha, D.W. and Hartley, R. and Moore, P.G.},
title={Adaptive maritime video surveillance},
journal={Proceedings of SPIE - The International Society for Optical Engineering},
year={2009},
volume={7346},
doi={10.1117/12.818330},
art_number={734609},
note={cited By 5},
url={https://www.scopus.com/inward/record.uri?eid=2-s2.0-79959472556&doi=10.1117%2f12.818330&partnerID=40&md5=1137059bbd7663fc42abfac1f0925d00},
document_type={Conference Paper},
source={Scopus},
}

@CONFERENCE{McSherry2007962,
author={McSherry, D. and Aha, D.W.},
title={The ins and outs of critiquing},
journal={IJCAI International Joint Conference on Artificial Intelligence},
year={2007},
pages={962-967},
note={cited By 5},
url={https://www.scopus.com/inward/record.uri?eid=2-s2.0-38049003839&partnerID=40&md5=6831fdfdd733afce4d8f09187489504c},
document_type={Conference Paper},
source={Scopus},
}

@ARTICLE{Gupta2006166,
author={Gupta, K.M. and Aha, D.W. and Moore, P.},
title={Rough set feature selection algorithms for textual case-based classification},
journal={Lecture Notes in Computer Science (including subseries Lecture Notes in Artificial Intelligence and Lecture Notes in Bioinformatics)},
year={2006},
volume={4106 LNAI},
pages={166-181},
note={cited By 5},
url={https://www.scopus.com/inward/record.uri?eid=2-s2.0-33751006443&partnerID=40&md5=1c6d4284a82735cb15188c7c1b10f8c4},
document_type={Conference Paper},
source={Scopus},
}

@CONFERENCE{Alford201620,
author={Alford, R. and Behnke, G. and Höller, D. and Bercher, P. and Biundo, S. and Aha, D.W.},
title={Bound to plan: Exploiting classical heuristics via automatic translations of tail-recursive HTN problems},
journal={Proceedings International Conference on Automated Planning and Scheduling, ICAPS},
year={2016},
volume={2016-January},
pages={20-28},
note={cited By 4},
url={https://www.scopus.com/inward/record.uri?eid=2-s2.0-84989859491&partnerID=40&md5=e0102f0b6f8bc3cf9dc26374c5e17da8},
document_type={Conference Paper},
source={Scopus},
}

@CONFERENCE{Alford20163022,
author={Alford, R. and Shivashankar, V. and Roberts, M. and Frank, J. and Aha, D.W.},
title={Hierarchical planning: Relating task and goal decomposition with task sharing},
journal={IJCAI International Joint Conference on Artificial Intelligence},
year={2016},
volume={2016-January},
pages={3022-3028},
note={cited By 4},
url={https://www.scopus.com/inward/record.uri?eid=2-s2.0-85006111181&partnerID=40&md5=6badd0690f3e9f5a8e8a120b4140c847},
document_type={Conference Paper},
source={Scopus},
}

@CONFERENCE{Borck2015379,
author={Borck, H. and Karneeb, J. and Alford, R. and Aha, D.W.},
title={Case-based behavior recognition in beyond visual range air combat},
journal={Proceedings of the 28th International Florida Artificial Intelligence Research Society Conference, FLAIRS 2015},
year={2015},
pages={379-384},
note={cited By 4},
url={https://www.scopus.com/inward/record.uri?eid=2-s2.0-84952006633&partnerID=40&md5=1ffea268681cad7f17863daa385f4c06},
document_type={Conference Paper},
source={Scopus},
}

@ARTICLE{Floyd2014125,
author={Floyd, M.W. and Drinkwater, M. and Aha, D.W.},
title={How much do you trust me? Learning a case-based model of inverse trust},
journal={Lecture Notes in Computer Science (including subseries Lecture Notes in Artificial Intelligence and Lecture Notes in Bioinformatics)},
year={2014},
volume={8765},
pages={125-139},
note={cited By 4},
url={https://www.scopus.com/inward/record.uri?eid=2-s2.0-84921681256&partnerID=40&md5=51e5498e698974f3aba3db0a249f5dda},
document_type={Article},
source={Scopus},
}

@CONFERENCE{Auslander2012249,
author={Auslander, B. and Gupta, K.M. and Aha, D.W.},
title={Maritime threat detection using plan recognition},
journal={2012 IEEE International Conference on Technologies for Homeland Security, HST 2012},
year={2012},
pages={249-254},
doi={10.1109/THS.2012.6459857},
art_number={6459857},
note={cited By 4},
url={https://www.scopus.com/inward/record.uri?eid=2-s2.0-84874580059&doi=10.1109%2fTHS.2012.6459857&partnerID=40&md5=277e66f6c233e994ca075d92f6e911fa},
document_type={Conference Paper},
source={Scopus},
}

@CONFERENCE{Ladner2006,
author={Ladner, R. and Warner, E. and Petry, F. and Gupta, K.M. and Moore, P. and Aha, D.W. and Shaw, K.},
title={Case-based classification alternatives to ontologies for automated web service discovery and integration},
journal={Proceedings of SPIE - The International Society for Optical Engineering},
year={2006},
volume={6201},
doi={10.1117/12.663327},
art_number={620117},
note={cited By 4},
url={https://www.scopus.com/inward/record.uri?eid=2-s2.0-33747727636&doi=10.1117%2f12.663327&partnerID=40&md5=1f3c2121f501f1a059fa890302a53e63},
document_type={Conference Paper},
source={Scopus},
}

@ARTICLE{Murdock2003332,
author={Murdock, J.W. and Aha, D.W. and Breslow, L.A.},
title={Assessing elaborated hypotheses: An interpretive case-based reasoning approach},
journal={Lecture Notes in Computer Science (including subseries Lecture Notes in Artificial Intelligence and Lecture Notes in Bioinformatics)},
year={2003},
volume={2689},
pages={332-346},
doi={10.1007/3-540-45006-8_27},
note={cited By 4},
url={https://www.scopus.com/inward/record.uri?eid=2-s2.0-7044240785&doi=10.1007%2f3-540-45006-8_27&partnerID=40&md5=5e693bcbb4a24111fe1f3ed503c242c3},
document_type={Conference Paper},
source={Scopus},
}

@CONFERENCE{Roberts2015366,
author={Roberts, M. and Apker, T. and Johnson, B. and Auslander, B. and Wellman, B. and Aha, D.W.},
title={Coordinating robot teams for disaster relief},
journal={Proceedings of the 28th International Florida Artificial Intelligence Research Society Conference, FLAIRS 2015},
year={2015},
pages={366-371},
note={cited By 3},
url={https://www.scopus.com/inward/record.uri?eid=2-s2.0-84951918091&partnerID=40&md5=ad42cb7fec0e7f3cc8b0cb7994a37352},
document_type={Conference Paper},
source={Scopus},
}

@ARTICLE{Petry200958,
author={Petry, F. and Ladner, R. and Gupta, K.M. and Moore, P. and Aha, D.W. and Lin, B. and Sween, R.},
title={Design of an integrated web services brokering system},
journal={International Journal of Information Technology and Web Engineering},
year={2009},
volume={4},
number={3},
pages={58-77},
doi={10.4018/jitwe.2009100604},
note={cited By 3},
url={https://www.scopus.com/inward/record.uri?eid=2-s2.0-70350333282&doi=10.4018%2fjitwe.2009100604&partnerID=40&md5=c9dccd50d5a3551cbb627eb8d0fd6cb8},
document_type={Article},
source={Scopus},
}

@ARTICLE{Gupta2004211,
author={Gupta, K.M. and Aha, D.W. and Moore, P.},
title={Learning feature taxonomies for case indexing},
journal={Lecture Notes in Computer Science (including subseries Lecture Notes in Artificial Intelligence and Lecture Notes in Bioinformatics)},
year={2004},
volume={3155},
pages={211-226},
note={cited By 3},
url={https://www.scopus.com/inward/record.uri?eid=2-s2.0-33847716034&partnerID=40&md5=36d89bc72f30c6fa0c4f5e2f28e24fad},
document_type={Article},
source={Scopus},
}

@ARTICLE{Muñoz-Avila2000210,
author={Muñoz-Avila, H. and Aha, D.W. and Breslow, L.A. and Nau, D.S. and Weber, R.},
title={Integrating conversational case retrieval with generative planning},
journal={Lecture Notes in Computer Science (including subseries Lecture Notes in Artificial Intelligence and Lecture Notes in Bioinformatics)},
year={2000},
volume={1898},
pages={210-221},
note={cited By 3},
url={https://www.scopus.com/inward/record.uri?eid=2-s2.0-84948162206&partnerID=40&md5=283ed2e1a074cebe046f2068b547536e},
document_type={Conference Paper},
source={Scopus},
}

@ARTICLE{Shivashankar20161702,
author={Shivashankar, V. and Alford, R. and Roberts, M. and Aha, D.W.},
title={Cost-optimal algorithms for planning with procedural control knowledge},
journal={Frontiers in Artificial Intelligence and Applications},
year={2016},
volume={285},
pages={1702-1703},
doi={10.3233/978-1-61499-672-9-1702},
note={cited By 2},
url={https://www.scopus.com/inward/record.uri?eid=2-s2.0-85013057613&doi=10.3233%2f978-1-61499-672-9-1702&partnerID=40&md5=2cf1e29b10e91c84ef10c1f10ebb7293},
document_type={Conference Paper},
source={Scopus},
}

@ARTICLE{Heitmeyer2015159,
author={Heitmeyer, C.L. and Pickett, M. and Leonard, E.I. and Archer, M.M. and Ray, I. and Aha, D.W. and Trafton, J.G.},
title={Building high assurance human-centric decision systems},
journal={Automated Software Engineering},
year={2015},
volume={22},
number={2},
pages={159-197},
doi={10.1007/s10515-014-0157-z},
note={cited By 2},
url={https://www.scopus.com/inward/record.uri?eid=2-s2.0-84925508179&doi=10.1007%2fs10515-014-0157-z&partnerID=40&md5=9011d38555016dd0c34d2fffb7c2572e},
document_type={Article},
source={Scopus},
}

@CONFERENCE{Maynord2015385,
author={Maynord, M. and Vattam, S. and Aha, D.W.},
title={Increasing the runtime speed of case-based plan recognition},
journal={Proceedings of the 28th International Florida Artificial Intelligence Research Society Conference, FLAIRS 2015},
year={2015},
pages={385-390},
note={cited By 2},
url={https://www.scopus.com/inward/record.uri?eid=2-s2.0-84958225274&partnerID=40&md5=e170499a156a4d1dfa933cf780ddc5c8},
document_type={Conference Paper},
source={Scopus},
}

@ARTICLE{Floyd2015134,
author={Floyd, M.W. and Drinkwater, M. and Aha, D.W.},
title={Improving trust-guided behavior adaptation using operator feedback},
journal={Lecture Notes in Computer Science (including subseries Lecture Notes in Artificial Intelligence and Lecture Notes in Bioinformatics)},
year={2015},
volume={9343},
pages={134-148},
doi={10.1007/978-3-319-24586-7_10},
note={cited By 2},
url={https://www.scopus.com/inward/record.uri?eid=2-s2.0-84951972498&doi=10.1007%2f978-3-319-24586-7_10&partnerID=40&md5=f864bd94a99da7f4ab0b70501aab27a2},
document_type={Conference Paper},
source={Scopus},
}

@CONFERENCE{Vattam2015397,
author={Vattam, S.S. and Aha, D.W. and Floyd, M.W.},
title={Error tolerant plan recognition: An empirical investigation},
journal={Proceedings of the 28th International Florida Artificial Intelligence Research Society Conference, FLAIRS 2015},
year={2015},
pages={397-402},
note={cited By 2},
url={https://www.scopus.com/inward/record.uri?eid=2-s2.0-84958230878&partnerID=40&md5=c1a387f31c4c08136de40f698cb65f65},
document_type={Conference Paper},
source={Scopus},
}

@ARTICLE{Floyd2014728,
author={Floyd, M.W. and Drinkwater, M. and Aha, D.W.},
title={Adapting autonomous behavior using an inverse trust estimation},
journal={Lecture Notes in Computer Science (including subseries Lecture Notes in Artificial Intelligence and Lecture Notes in Bioinformatics)},
year={2014},
volume={8579 LNCS},
number={PART 1},
pages={728-742},
doi={10.1007/978-3-319-09144-0_50},
note={cited By 2},
url={https://www.scopus.com/inward/record.uri?eid=2-s2.0-84904906708&doi=10.1007%2f978-3-319-09144-0_50&partnerID=40&md5=f0894ac8aba7bccc1290287ce0ce659a},
document_type={Conference Paper},
source={Scopus},
}

@ARTICLE{Auslander201432,
author={Auslander, B. and Apker, T. and Aha, D.W.},
title={Case-based parameter selection for plans: Coordinating autonomous vehicle teams},
journal={Lecture Notes in Computer Science (including subseries Lecture Notes in Artificial Intelligence and Lecture Notes in Bioinformatics)},
year={2014},
volume={8765},
pages={32-47},
note={cited By 2},
url={https://www.scopus.com/inward/record.uri?eid=2-s2.0-84921727308&partnerID=40&md5=5c38f96c207c71104551fe349b539ed3},
document_type={Article},
source={Scopus},
}

@CONFERENCE{Molineaux2014395,
author={Molineaux, M. and Aha, D.W.},
title={Learning unknown event models},
journal={Proceedings of the National Conference on Artificial Intelligence},
year={2014},
volume={1},
pages={395-401},
note={cited By 2},
url={https://www.scopus.com/inward/record.uri?eid=2-s2.0-84908204622&partnerID=40&md5=a56efd6fcbc13a8bb315e6dbdfe10f83},
document_type={Conference Paper},
source={Scopus},
}

@CONFERENCE{Wilson201450,
author={Wilson, M.A. and McMahon, J. and Aha, D.W.},
title={Bounded expectations for discrepancy detection in Goal-Driven Autonomy},
journal={AAAI Workshop - Technical Report},
year={2014},
volume={WS-14-01},
pages={50-56},
note={cited By 2},
url={https://www.scopus.com/inward/record.uri?eid=2-s2.0-84974678224&partnerID=40&md5=eb43ffedeb20a2336bf1401eb973eca0},
document_type={Conference Paper},
source={Scopus},
}

@CONFERENCE{Wilson2013160,
author={Wilson, M. and Molineaux, M. and Aha, D.W.},
title={Domain-independent heuristics for goal formulation},
journal={FLAIRS 2013 - Proceedings of the 26th International Florida Artificial Intelligence Research Society Conference},
year={2013},
pages={160-165},
note={cited By 2},
url={https://www.scopus.com/inward/record.uri?eid=2-s2.0-84889768384&partnerID=40&md5=a4f6cdee3c4dbc490dc61310171058d0},
document_type={Conference Paper},
source={Scopus},
}

@CONFERENCE{Pickett2013112,
author={Pickett, M. and Aha, D.W. and Trafton, J.G.},
title={Acquiring user models to test automated assistants},
journal={FLAIRS 2013 - Proceedings of the 26th International Florida Artificial Intelligence Research Society Conference},
year={2013},
pages={112-117},
note={cited By 2},
url={https://www.scopus.com/inward/record.uri?eid=2-s2.0-84889807537&partnerID=40&md5=614730ab5e085f50f196a27bd7839fc1},
document_type={Conference Paper},
source={Scopus},
}

@CONFERENCE{Heitmeyer201335,
author={Heitmeyer, C. and Pickett, M. and Breslow, L. and Aha, D. and Trafton, J.G. and Leonard, E.},
title={High assurance human-centric decision systems},
journal={2013 2nd International Workshop on Realizing Artificial Intelligence Synergies in Software Engineering, RAISE 2013 - Proceedings},
year={2013},
pages={35-41},
doi={10.1109/RAISE.2013.6615202},
art_number={6615202},
note={cited By 2},
url={https://www.scopus.com/inward/record.uri?eid=2-s2.0-84886677337&doi=10.1109%2fRAISE.2013.6615202&partnerID=40&md5=d1c20c437e3cb9adff7458a4e03d2e1d},
document_type={Conference Paper},
source={Scopus},
}

@ARTICLE{Pickett201376,
author={Pickett, M. and Aha, D.W.},
title={Using cortically-inspired algorithms for analogical learning and reasoning},
journal={Biologically Inspired Cognitive Architectures},
year={2013},
volume={6},
pages={76-86},
doi={10.1016/j.bica.2013.07.003},
note={cited By 2},
url={https://www.scopus.com/inward/record.uri?eid=2-s2.0-84883224534&doi=10.1016%2fj.bica.2013.07.003&partnerID=40&md5=6d3829c4248ee91f6d45cf8c5cf5d45a},
document_type={Conference Paper},
source={Scopus},
}

@CONFERENCE{McDowell201038,
author={McDowell, L.K. and Gupta, K.M. and Aha, D.W.},
title={Meta-prediction for collective classification},
journal={Proceedings of the 23rd International Florida Artificial Intelligence Research Society Conference, FLAIRS-23},
year={2010},
pages={38-43},
note={cited By 2},
url={https://www.scopus.com/inward/record.uri?eid=2-s2.0-77957877858&partnerID=40&md5=8a428fb69a0850a84e0be538c59a65bb},
document_type={Conference Paper},
source={Scopus},
}

@ARTICLE{McSherry2007107,
author={McSherry, D. and Aha, D.W.},
title={Mixed-initiative relaxation of constraints in critiquing dialogues},
journal={Lecture Notes in Computer Science (including subseries Lecture Notes in Artificial Intelligence and Lecture Notes in Bioinformatics)},
year={2007},
volume={4626 LNAI},
pages={107-121},
note={cited By 2},
url={https://www.scopus.com/inward/record.uri?eid=2-s2.0-38049080754&partnerID=40&md5=f0e53b1d697caf5a032851b63691c2a6},
document_type={Conference Paper},
source={Scopus},
}

@CONFERENCE{Ladner2007,
author={Ladner, R. and Warner, E. and Petry, F. and Gupta, K.M. and Aha, D.W.},
title={An evaluation of case-based classification to support automated web service discovery and brokering},
journal={Proceedings of SPIE - The International Society for Optical Engineering},
year={2007},
volume={6578},
doi={10.1117/12.714254},
art_number={657804},
note={cited By 2},
url={https://www.scopus.com/inward/record.uri?eid=2-s2.0-36148982724&doi=10.1117%2f12.714254&partnerID=40&md5=7862ce2c1a0f7f0cc0d4a76cb9e8e5cd},
document_type={Conference Paper},
source={Scopus},
}

@CONFERENCE{Barbera200461,
author={Barbera, T. and Horst, J. and Schlenoff, C. and Aha, D.},
title={Task analysis of autonomous on-road driving},
journal={Proceedings of SPIE - The International Society for Optical Engineering},
year={2004},
volume={5609},
pages={61-72},
doi={10.1117/12.580233},
art_number={08},
note={cited By 2},
url={https://www.scopus.com/inward/record.uri?eid=2-s2.0-17644417111&doi=10.1117%2f12.580233&partnerID=40&md5=c3e786275063fb9f1d89e1533c85a00f},
document_type={Conference Paper},
source={Scopus},
}

@CONFERENCE{Bankman1992179,
author={Bankman, Isaac N. and Aha, David W.},
title={Fast learning in feedforward neural networks by migrating hidden unit outputs},
journal={Intelligent Engineering Systems Through Artificial Neural Networks},
year={1992},
volume={2},
pages={179-184},
note={cited By 2},
url={https://www.scopus.com/inward/record.uri?eid=2-s2.0-0027105470&partnerID=40&md5=21d93c75e1f23bda1c82a445e74abd9d},
document_type={Conference Paper},
source={Scopus},
}

@CONFERENCE{To2016631,
author={To, S.T. and Roberts, M. and Apker, T. and Johnson, B. and Aha, D.W.},
title={Mixed propositional metric temporal logic: A new formalism for temporal planning},
journal={AAAI Workshop - Technical Report},
year={2016},
volume={WS-16-01 - WS-16-15},
pages={631-640},
note={cited By 1},
url={https://www.scopus.com/inward/record.uri?eid=2-s2.0-85022053609&partnerID=40&md5=23e9e0fa70d68e2e2fb4cc56f6697c46},
document_type={Conference Paper},
source={Scopus},
}

@ARTICLE{Floyd2016124,
author={Floyd, M.W. and Aha, D.W.},
title={Incorporating transparency during Trust-Guided behavior adaptation},
journal={Lecture Notes in Computer Science (including subseries Lecture Notes in Artificial Intelligence and Lecture Notes in Bioinformatics)},
year={2016},
volume={9969 LNAI},
pages={124-138},
doi={10.1007/978-3-319-47096-2_9},
note={cited By 1},
url={https://www.scopus.com/inward/record.uri?eid=2-s2.0-84994876851&doi=10.1007%2f978-3-319-47096-2_9&partnerID=40&md5=000c7fa698b2a6dae531f37726c1ed8e},
document_type={Conference Paper},
source={Scopus},
}

@CONFERENCE{Roberts2016202,
author={Roberts, M. and Hiatt, L.M. and Coman, A. and Choi, D. and Johnson, B. and Aha, D.W.},
title={ActorSim, a toolkit for studying cross-disciplinary challenges in autonomy},
journal={AAAI Fall Symposium - Technical Report},
year={2016},
volume={FS-16-01 - FS-16-05},
pages={202-208},
note={cited By 1},
url={https://www.scopus.com/inward/record.uri?eid=2-s2.0-85025825469&partnerID=40&md5=a53b2a1bc8686a4e28de2d8d7cb0851b},
document_type={Conference Paper},
source={Scopus},
}

@ARTICLE{Vattam2015381,
author={Vattam, S.S. and Aha, D.W.},
title={Case-based plan recognition under imperfect observability},
journal={Lecture Notes in Computer Science (including subseries Lecture Notes in Artificial Intelligence and Lecture Notes in Bioinformatics)},
year={2015},
volume={9343},
pages={381-395},
doi={10.1007/978-3-319-24586-7_26},
note={cited By 1},
url={https://www.scopus.com/inward/record.uri?eid=2-s2.0-84951920610&doi=10.1007%2f978-3-319-24586-7_26&partnerID=40&md5=a0a7a6ffa3b375232533ab46b556c2c8},
document_type={Conference Paper},
source={Scopus},
}

@ARTICLE{Borck201530,
author={Borck, H. and Karneeb, J. and Floyd, M.W. and Alford, R. and Aha, D.W.},
title={Case-based policy and goal recognition},
journal={Lecture Notes in Computer Science (including subseries Lecture Notes in Artificial Intelligence and Lecture Notes in Bioinformatics)},
year={2015},
volume={9343},
pages={30-43},
doi={10.1007/978-3-319-24586-7_3},
note={cited By 1},
url={https://www.scopus.com/inward/record.uri?eid=2-s2.0-84951954777&doi=10.1007%2f978-3-319-24586-7_3&partnerID=40&md5=ceb05f73e37768b2f42d8aed45ae3ebb},
document_type={Conference Paper},
source={Scopus},
}

@CONFERENCE{Uthus2013238,
author={Uthus, D.C. and Aha, D.W.},
title={Extending word highlighting in multiparticipant chat},
journal={FLAIRS 2013 - Proceedings of the 26th International Florida Artificial Intelligence Research Society Conference},
year={2013},
pages={238-242},
note={cited By 1},
url={https://www.scopus.com/inward/record.uri?eid=2-s2.0-84889772786&partnerID=40&md5=53cec264955aea29126a023bae345f78},
document_type={Conference Paper},
source={Scopus},
}

@CONFERENCE{McSherry2007173,
author={McSherry, D. and Aha, D.W.},
title={Avoiding long and fruitless dialogues in critiquing},
journal={Research and Development in Intelligent Systems XXIII - Proceedings of AI 2006, the 26th SGAI International Conference on Innovative Techniques and Applications of Artificial Intelligence},
year={2007},
pages={173-186},
doi={10.1007/978-1-84628-663-6-13},
note={cited By 1},
url={https://www.scopus.com/inward/record.uri?eid=2-s2.0-84881461236&doi=10.1007%2f978-1-84628-663-6-13&partnerID=40&md5=6d4459bc507efca8a8dfbd009f3301d6},
document_type={Conference Paper},
source={Scopus},
}

@ARTICLE{Lesperance2001127,
author={Lesperance, Y. and Wagnerg, G. and Birmingham, W. and Bollacker, K. and Nareyek, A. and Walser, J.P. and Aha, D. and Finin, T. and Grosof, B. and Japkowicz, N. and Holte, R. and Getoor, L. and Gomes, C.P. and Hoos, H.H. and Schultz, A.C. and Kubat, M. and Mitchell, T. and Denzinger, J. and Gil, Y. and Myers, K. and Bettini, C. and Montanari, A.},
title={AAAI 2000 workshop reports},
journal={AI Magazine},
year={2001},
volume={22},
number={1},
pages={127-135},
note={cited By 1},
url={https://www.scopus.com/inward/record.uri?eid=2-s2.0-0035278928&partnerID=40&md5=0ec01975dfde97d95965c51c6cdd64b5},
document_type={Article},
source={Scopus},
}

@CONFERENCE{Turner2017,
author={Turner, J.T. and Gupta, K.M. and Aha, D.},
title={SPARCNN: Spatially related convolutional neural networks},
journal={Proceedings - Applied Imagery Pattern Recognition Workshop},
year={2017},
doi={10.1109/AIPR.2016.8010583},
art_number={8010583},
note={cited By 0},
url={https://www.scopus.com/inward/record.uri?eid=2-s2.0-85028768406&doi=10.1109%2fAIPR.2016.8010583&partnerID=40&md5=e42e46b66bdbd7a2c4025247a6316e1d},
document_type={Conference Paper},
source={Scopus},
}

@CONFERENCE{Turner2017,
author={Turner, J.T. and Gupta, K.M. and Aha, D.},
title={Keypoint density-based region proposal for fine-grained object detection using regions with convolutional neural network features},
journal={Proceedings - Applied Imagery Pattern Recognition Workshop},
year={2017},
doi={10.1109/AIPR.2016.8010582},
art_number={8010582},
note={cited By 0},
url={https://www.scopus.com/inward/record.uri?eid=2-s2.0-85028762961&doi=10.1109%2fAIPR.2016.8010582&partnerID=40&md5=33346488049d6e1813da83a5e36aab6b},
document_type={Conference Paper},
source={Scopus},
}

@CONFERENCE{Aha20174826,
author={Aha, D.W. and Coman, A.},
title={The AI rebellion: Changing the narrative},
journal={31st AAAI Conference on Artificial Intelligence, AAAI 2017},
year={2017},
pages={4826-4830},
note={cited By 0},
url={https://www.scopus.com/inward/record.uri?eid=2-s2.0-85030448722&partnerID=40&md5=5616da076c113dbc25732173fc642931},
document_type={Conference Paper},
source={Scopus},
}

@CONFERENCE{To2017288,
author={To, S.T. and Johnson, B. and Roberts, M. and Aha, D.W.},
title={A new approach to temporal planning with rich metric temporal properties},
journal={Proceedings International Conference on Automated Planning and Scheduling, ICAPS},
year={2017},
pages={288-296},
note={cited By 0},
url={https://www.scopus.com/inward/record.uri?eid=2-s2.0-85030566718&partnerID=40&md5=8d4dbe5c8712e18e788e50304800ecd9},
document_type={Conference Paper},
source={Scopus},
}

@ARTICLE{Gillespie2017116,
author={Gillespie, K. and Floyd, M.W. and Molineaux, M. and Vattam, S.S. and Aha, D.W.},
title={Semantic classification of utterances in a language-driven game},
journal={Communications in Computer and Information Science},
year={2017},
volume={705},
pages={116-129},
doi={10.1007/978-3-319-57969-6_9},
note={cited By 0},
url={https://www.scopus.com/inward/record.uri?eid=2-s2.0-85019203928&doi=10.1007%2f978-3-319-57969-6_9&partnerID=40&md5=ecdd97c2bd66e8c93e543d84f076f384},
document_type={Conference Paper},
source={Scopus},
}

@ARTICLE{Floyd2017123,
author={Floyd, M.W. and Karneeb, J. and Aha, D.W.},
title={Case-based team recognition using learned opponent models},
journal={Lecture Notes in Computer Science (including subseries Lecture Notes in Artificial Intelligence and Lecture Notes in Bioinformatics)},
year={2017},
volume={10339 LNAI},
pages={123-138},
doi={10.1007/978-3-319-61030-6_9},
note={cited By 0},
url={https://www.scopus.com/inward/record.uri?eid=2-s2.0-85022330736&doi=10.1007%2f978-3-319-61030-6_9&partnerID=40&md5=18e3f2caf3205b8a1ea0d5a7f2ceab9e},
document_type={Conference Paper},
source={Scopus},
}

@CONFERENCE{Shivashankar20173658,
author={Shivashankar, V. and Alford, R. and Aha, D.W.},
title={Incorporating domain-independent planning heuristics in hierarchical planning},
journal={31st AAAI Conference on Artificial Intelligence, AAAI 2017},
year={2017},
pages={3658-3664},
note={cited By 0},
url={https://www.scopus.com/inward/record.uri?eid=2-s2.0-85030462445&partnerID=40&md5=7452245a4ef057816a05ce4398ef5a2b},
document_type={Conference Paper},
source={Scopus},
}

@ARTICLE{Floyd2017281,
author={Floyd, M.W. and Aha, D.W.},
title={Using explanations to provide transparency during trust-guided behavior adaptation1},
journal={AI Communications},
year={2017},
volume={30},
number={3-4},
pages={281-294},
doi={10.3233/AIC-170733},
note={cited By 0},
url={https://www.scopus.com/inward/record.uri?eid=2-s2.0-85024123854&doi=10.3233%2fAIC-170733&partnerID=40&md5=cd44380edb9ccd29588f3f13861bc6e9},
document_type={Article},
source={Scopus},
}

@CONFERENCE{Hancock2017388,
author={Hancock, W. and Floyd, M.W. and Molineaux, M. and Aha, D.W.},
title={Towards deception detection in a language-driven game},
journal={FLAIRS 2017 - Proceedings of the 30th International Florida Artificial Intelligence Research Society Conference},
year={2017},
pages={388-393},
note={cited By 0},
url={https://www.scopus.com/inward/record.uri?eid=2-s2.0-85029517043&partnerID=40&md5=6899f8e0fd2f6ce4b49ea5aeb833102a},
document_type={Conference Paper},
source={Scopus},
}

@ARTICLE{Aha2017V,
author={Aha, D.W. and Lieber, J.},
title={Preface},
journal={Lecture Notes in Computer Science (including subseries Lecture Notes in Artificial Intelligence and Lecture Notes in Bioinformatics)},
year={2017},
volume={10339 LNAI},
pages={V-VI},
note={cited By 0},
url={https://www.scopus.com/inward/record.uri?eid=2-s2.0-85022335790&partnerID=40&md5=ddf9eb577d76676429b06fb082faeb43},
document_type={Editorial},
source={Scopus},
}

@CONFERENCE{Floyd2017494,
author={Floyd, M.W. and Turner, J.T. and Aha, D.W.},
title={Using deep learning to automate feature modeling in learning by observation: A preliminary study},
journal={AAAI Spring Symposium - Technical Report},
year={2017},
volume={SS-17-01 - SS-17-08},
pages={494-498},
note={cited By 0},
url={https://www.scopus.com/inward/record.uri?eid=2-s2.0-85028712328&partnerID=40&md5=8c72a1516002a68c8916e958cef3eedf},
document_type={Conference Paper},
source={Scopus},
}

@CONFERENCE{Floyd201750,
author={Floyd, M.W. and Turner, J.T. and Aha, D.W.},
title={Using deep learning to automate feature modeling in learning by observation},
journal={FLAIRS 2017 - Proceedings of the 30th International Florida Artificial Intelligence Research Society Conference},
year={2017},
pages={50-55},
note={cited By 0},
url={https://www.scopus.com/inward/record.uri?eid=2-s2.0-85029502877&partnerID=40&md5=6c83b4c9027956fe6c6b7e0368c501b1},
document_type={Conference Paper},
source={Scopus},
}

@ARTICLE{McDowell2016,
author={McDowell, L.K. and Aha, D.W.},
title={Leveraging neighbor attributes for classification in sparsely labeled networks},
journal={ACM Transactions on Knowledge Discovery from Data},
year={2016},
volume={11},
number={1},
doi={10.1145/2898358},
art_number={2},
note={cited By 0},
url={https://www.scopus.com/inward/record.uri?eid=2-s2.0-84979920482&doi=10.1145%2f2898358&partnerID=40&md5=9088acbf35561ba22b4ab6442bb4efc4},
document_type={Article},
source={Scopus},
}

@CONFERENCE{Maynord2016,
author={Maynord, M. and Bhattacharya, S. and Aha, D.W.},
title={Image surveillance assistant},
journal={2016 IEEE Winter Applications of Computer Vision Workshops, WACVW 2016},
year={2016},
doi={10.1109/WACVW.2016.7470119},
art_number={7470119},
note={cited By 0},
url={https://www.scopus.com/inward/record.uri?eid=2-s2.0-84977627927&doi=10.1109%2fWACVW.2016.7470119&partnerID=40&md5=01b2a91ce9e1f4c7c5ac4a3f8ea6a3e7},
document_type={Conference Paper},
source={Scopus},
}

@CONFERENCE{Curran201625,
author={Curran, W. and Brys, T. and Aha, D. and Taylor, M. and Smart, W.D.},
title={Dimensionality reduced reinforcement learning for assistive robots},
journal={AAAI Fall Symposium - Technical Report},
year={2016},
volume={FS-16-01 - FS-16-05},
pages={25-31},
note={cited By 0},
url={https://www.scopus.com/inward/record.uri?eid=2-s2.0-85025818100&partnerID=40&md5=03d1c87d8c5fe85436796dd60feb5b9d},
document_type={Conference Paper},
source={Scopus},
}

@BOOK{Floyd201633,
author={Floyd, M.W. and Drinkwater, M. and Aha, D.W.},
title={Learning trustworthy behaviors using an inverse trust metric},
journal={Robust Intelligence and Trust in Autonomous Systems},
year={2016},
pages={33-54},
doi={10.1007/978-1-4899-7668-0_3},
note={cited By 0},
url={https://www.scopus.com/inward/record.uri?eid=2-s2.0-84978334329&doi=10.1007%2f978-1-4899-7668-0_3&partnerID=40&md5=39ca823c7d61c1b094dbe373742fd669},
document_type={Book Chapter},
source={Scopus},
}

@ARTICLE{Auslander201515,
author={Auslander, B. and Floyd, M.W. and Apker, T. and Johnson, B. and Roberts, M. and Aha, D.W.},
title={Learning to estimate: A case-based approach to task execution prediction},
journal={Lecture Notes in Computer Science (including subseries Lecture Notes in Artificial Intelligence and Lecture Notes in Bioinformatics)},
year={2015},
volume={9343},
pages={15-29},
doi={10.1007/978-3-319-24586-7_2},
note={cited By 0},
url={https://www.scopus.com/inward/record.uri?eid=2-s2.0-84952045193&doi=10.1007%2f978-3-319-24586-7_2&partnerID=40&md5=2e668964d41f8ec3cd92df08058a0055},
document_type={Conference Paper},
source={Scopus},
}

@CONFERENCE{Frazer201578,
author={Frazer, K.A. and Vattam, S.S. and Aha, D.W.},
title={Flexible plan-subplan matching for plan recognition in case-based agents},
journal={CEUR Workshop Proceedings},
year={2015},
volume={1520},
pages={78-87},
note={cited By 0},
url={https://www.scopus.com/inward/record.uri?eid=2-s2.0-84962571299&partnerID=40&md5=7be7258b716301a929f18e18c121b7f2},
document_type={Conference Paper},
source={Scopus},
}

@CONFERENCE{Kendall-Morwick201511,
author={Kendall-Morwick, J. and Aha, D.W. and Floyd, M.W.},
title={Preface},
journal={CEUR Workshop Proceedings},
year={2015},
volume={1520},
pages={11},
note={cited By 0},
url={https://www.scopus.com/inward/record.uri?eid=2-s2.0-84962548106&partnerID=40&md5=68835a617ebf5086e1c00dd0d7296ad9},
document_type={Editorial},
source={Scopus},
}

@CONFERENCE{Floyd20154261,
author={Floyd, M.W. and Drinkwater, M. and Aha, D.W.},
title={Trust-guided behavior adaptation using case-based reasoning},
journal={IJCAI International Joint Conference on Artificial Intelligence},
year={2015},
volume={2015-January},
pages={4261-4267},
note={cited By 0},
url={https://www.scopus.com/inward/record.uri?eid=2-s2.0-84949784662&partnerID=40&md5=7ac208b49acdb6fd335ed8ac46263e3c},
document_type={Conference Paper},
source={Scopus},
}

@CONFERENCE{Floyd201468,
author={Floyd, M.W. and Drinkwater, M. and Aha, D.W.},
title={Adapting autonomous behavior based on an estimate of an operator's trust},
journal={AAAI Fall Symposium - Technical Report},
year={2014},
volume={FS-14-01},
pages={68-69},
note={cited By 0},
url={https://www.scopus.com/inward/record.uri?eid=2-s2.0-84987728022&partnerID=40&md5=1e428c94bd1c0c2bf378b91984f32467},
document_type={Conference Paper},
source={Scopus},
}

@CONFERENCE{Floyd201416,
author={Floyd, M.W. and Drinkwater, M. and Aha, D.W.},
title={Case-based behavior adaptation using an inverse tvust metric},
journal={AAAI Workshop - Technical Report},
year={2014},
volume={WS-14-01},
pages={16-21},
note={cited By 0},
url={https://www.scopus.com/inward/record.uri?eid=2-s2.0-84974686219&partnerID=40&md5=9069559f81f7bc2bfeee7bef4f264ca0},
document_type={Conference Paper},
source={Scopus},
}

@ARTICLE{Guyon2012174,
author={Guyon, I. and Dror, G. and Lemaire, V. and Silver, D.L. and Taylor, G. and Aha, D.W.},
title={Analysis of the IJCNN 2011 UTL challenge},
journal={Neural Networks},
year={2012},
volume={32},
pages={174-178},
doi={10.1016/j.neunet.2012.02.010},
note={cited By 0},
url={https://www.scopus.com/inward/record.uri?eid=2-s2.0-84861787014&doi=10.1016%2fj.neunet.2012.02.010&partnerID=40&md5=eba6a2e01f9b55d00fc9aa97f128a590},
document_type={Article},
source={Scopus},
}

@ARTICLE{Agmon201257,
author={Agmon, N. and Agrawal, V. and Aha, D.W. and Aloimonos, Y. and Buckley, D. and Doshi, P. and Geib, C. and Grasso, F. and Green, N. and Johnston, B. and Kaliski, B. and Kiekintveld, C. and Law, E. and Lieberman, H. and Mengshoel, O.J. and Metzler, T. and Modayil, J. and Oard, D.W. and Onder, N. and O'Sullivan, B. and Pastra, K. and Precup, D. and Ramachandran, S. and Reed, C. and Sariel-Talay, S. and Selker, T. and Shastri, L. and Singh, S. and Smith, S.F. and Srivastava, S. and Sukthankar, G. and Uthus, D.C. and Williams, M.-A.},
title={Reports of the AAAI 2011 conference workshops},
journal={AI Magazine},
year={2012},
volume={33},
number={1},
pages={57-70},
note={cited By 0},
url={https://www.scopus.com/inward/record.uri?eid=2-s2.0-84861388556&partnerID=40&md5=c694f7282b6108262e7c40b162f3b107},
document_type={Conference Paper},
source={Scopus},
}

@CONFERENCE{Aha2011,
author={Aha, D.W. and Oard, D.W. and Ramachandran, S. and Uthus, D.C.},
title={AAAI Workshop - Technical Report: Preface},
journal={AAAI Workshop - Technical Report},
year={2011},
volume={WS-11-05},
note={cited By 0},
url={https://www.scopus.com/inward/record.uri?eid=2-s2.0-80054942486&partnerID=40&md5=8d77bc6fa06d15318a7d81133898d318},
document_type={Editorial},
source={Scopus},
}

@ARTICLE{Aha201095,
author={Aha, D.W. and Boddy, M. and Bulitko, V. and D'Avila Garcez, A.S. and Doshi, P. and Edelkamp, S. and Geib, C. and Gmytrasiewicz, P. and Goldman, R.P. and Halevy, A. and Hitzler, P. and Isbell, C. and Josyula, D. and Kaelbling, L.P. and Kersting, K. and Kunda, M. and Lamb, L.C. and Marthi, B. and McGreggor, K. and Mihalkova, L. and Nastase, V. and Natarajan, S. and Provan, G. and Raja, A. and Ram, A. and Riedl, M. and Russell, S. and Sabharwal, A. and Smaus, J.-G. and Sukthankar, G. and Tuyls, K. and Van Der Meyden, R.},
title={Reports of the AAAI 2010 conference workshops},
journal={AI Magazine},
year={2010},
volume={31},
number={4},
pages={95-104},
note={cited By 0},
url={https://www.scopus.com/inward/record.uri?eid=2-s2.0-79959759072&partnerID=40&md5=af072fd7a4056481bf4409997ef9d90d},
document_type={Conference Paper},
source={Scopus},
}

@CONFERENCE{Zang20081890,
author={Zang, M. and Gray, A. and Kriege, J. and Gupta, K.M. and Aha, D.W.},
title={IMT: A aixed-initiative data mapping and search toolkit},
journal={Proceedings of the National Conference on Artificial Intelligence},
year={2008},
volume={3},
pages={1890-1891},
note={cited By 0},
url={https://www.scopus.com/inward/record.uri?eid=2-s2.0-57749111810&partnerID=40&md5=c28ce9c7e6e17f063a78a7e4865e57ef},
document_type={Conference Paper},
source={Scopus},
}

@CONFERENCE{Gupta20081679,
author={Gupta, K.M. and Zang, M. and Gray, A. and Kriege, J. and Aha, D.W.},
title={Enabling the interoperability of large-scale legacy systems},
journal={Proceedings of the National Conference on Artificial Intelligence},
year={2008},
volume={3},
pages={1679-1684},
note={cited By 0},
url={https://www.scopus.com/inward/record.uri?eid=2-s2.0-57749093202&partnerID=40&md5=d17713b0e7653765c40122a14464c6dc},
document_type={Conference Paper},
source={Scopus},
}

@CONFERENCE{Aha2006170,
author={Aha, D.W. and Christman, J.},
title={Enabling and testing autonomous learning behaviors in models of computer-generated forces},
journal={Spring Simulation Interoperability Workshop 2006},
year={2006},
volume={1},
pages={170-174},
note={cited By 0},
url={https://www.scopus.com/inward/record.uri?eid=2-s2.0-84865005646&partnerID=40&md5=e7e652ef0a896fbc51a1d6d402cfa005},
document_type={Conference Paper},
source={Scopus},
}

@CONFERENCE{Aha2006137,
author={Aha, D.W. and Molineaux, M. and Moore, P.},
title={A testbed for evaluating ai research systems in commercial games},
journal={Proceedings of the 2nd Artificial Intelligence and Interactive Digital Entertainment Conference, AIIDE 2006},
year={2006},
pages={137-138},
note={cited By 0},
url={https://www.scopus.com/inward/record.uri?eid=2-s2.0-84883230830&partnerID=40&md5=c0f4b715dad66e797e989179e9eb3cc4},
document_type={Conference Paper},
source={Scopus},
}

@ARTICLE{Aha200530,
author={Aha, D.W.},
title={Conversational case-based reasoning},
journal={Lecture Notes in Computer Science (including subseries Lecture Notes in Artificial Intelligence and Lecture Notes in Bioinformatics)},
year={2005},
volume={3776 LNCS},
pages={30},
doi={10.1007/11590316_4},
note={cited By 0},
url={https://www.scopus.com/inward/record.uri?eid=2-s2.0-33646729504&doi=10.1007%2f11590316_4&partnerID=40&md5=833181c430c5324b400a1cd39dfc8c92},
document_type={Conference Paper},
source={Scopus},
}

@CONFERENCE{Gupta2005828,
author={Gupta, K.M. and Aha, D.W.},
title={Automating planning using natural language},
journal={Proceedings of the Eighteenth International Florida Artificial Intelligence Research Society Conference, FLAIRS 2005 - Recent Advances in Artifical Intelligence},
year={2005},
pages={828-829},
note={cited By 0},
url={https://www.scopus.com/inward/record.uri?eid=2-s2.0-32844474107&partnerID=40&md5=dc7ed715dc127a1b2e5538d87be5d984},
document_type={Conference Paper},
source={Scopus},
}

@CONFERENCE{Horst200473,
author={Horst, J.A. and Barbera, A. and Schienoff, C. and Aha, D.W.},
title={Identifying sensory processing requirements for an on-road driving application of 4D/RCS},
journal={Proceedings of SPIE - The International Society for Optical Engineering},
year={2004},
volume={5609},
pages={73-84},
doi={10.1117/12.579982},
art_number={09},
note={cited By 0},
url={https://www.scopus.com/inward/record.uri?eid=2-s2.0-17644412886&doi=10.1117%2f12.579982&partnerID=40&md5=af399bf11e780b8ec4b4961dd7b3037e},
document_type={Conference Paper},
source={Scopus},
}

@CONFERENCE{Weber2002226,
author={Weber, R. and Aha, D.W.},
title={Intelligent elicitation of military lessons},
journal={International Conference on Intelligent User Interfaces, Proceedings IUI},
year={2002},
pages={226-227},
note={cited By 0},
url={https://www.scopus.com/inward/record.uri?eid=2-s2.0-0036382775&partnerID=40&md5=c7670befcc26e1507078cf8cccd400ff},
document_type={Conference Paper},
source={Scopus},
}

@ARTICLE{Aha20016,
author={Aha, D. and Watson, I.},
title={Preface},
journal={Lecture Notes in Computer Science (including subseries Lecture Notes in Artificial Intelligence and Lecture Notes in Bioinformatics)},
year={2001},
volume={2080},
pages={6},
note={cited By 0},
url={https://www.scopus.com/inward/record.uri?eid=2-s2.0-84956698211&partnerID=40&md5=2e98cc56448c7cf54fddc8aad55ee933},
document_type={Editorial},
source={Scopus},
}

@CONFERENCE{Chandra1993342,
author={Chandra, Rishi and Bankman, Isaac N. and Aha, David W.},
title={Neural waveform clustering in extracellular recordings},
journal={Proceedings of the Annual Conference on Engineering in Medicine and Biology},
year={1993},
volume={15},
number={pt 1},
pages={342-343},
note={cited By 0},
url={https://www.scopus.com/inward/record.uri?eid=2-s2.0-0027875272&partnerID=40&md5=75b0bb17351c00af1e57574788612278},
document_type={Conference Paper},
source={Scopus},
}
