@CONFERENCE{Molineaux20101548,
author={Molineaux, M. and Klenk, M. and Aha, D.W.},
title={Goal-driven autonomy in a Navy strategy simulation},
journal={Proceedings of the National Conference on Artificial Intelligence},
year={2010},
volume={3},
pages={1548-1554},
note={cited By 31},
url={https://www.scopus.com/inward/record.uri?eid=2-s2.0-77958608845&partnerID=40&md5=51db1ba0dc8e38cb3125e78c1d9ca5e6},
document_type={Conference Paper},
source={Scopus},
}

@ARTICLE{Klenk2013187,
author={Klenk, M. and Molineaux, M. and Aha, D.W.},
title={Goal-driven autonomy for responding to unexpected events in strategy simulations},
journal={Computational Intelligence},
year={2013},
volume={29},
number={2},
pages={187-206},
doi={10.1111/j.1467-8640.2012.00445.x},
note={cited By 21},
url={https://www.scopus.com/inward/record.uri?eid=2-s2.0-84877285929&doi=10.1111%2fj.1467-8640.2012.00445.x&partnerID=40&md5=5b55f114ff4c4006ae036bb516491b16},
document_type={Article},
source={Scopus},
}

@CONFERENCE{Jaidee20112450,
author={Jaidee, U. and Mu√±oz-Avila, H. and Aha, D.W.},
title={Integrated learning for goal-driven autonomy},
journal={IJCAI International Joint Conference on Artificial Intelligence},
year={2011},
pages={2450-2455},
doi={10.5591/978-1-57735-516-8/IJCAI11-408},
note={cited By 18},
url={https://www.scopus.com/inward/record.uri?eid=2-s2.0-84868278202&doi=10.5591%2f978-1-57735-516-8%2fIJCAI11-408&partnerID=40&md5=ee4acf9b135442d349f87a15745587c9},
document_type={Conference Paper},
source={Scopus},
}
