Scopus
EXPORT DATE: 30 May 2016

@ARTICLE{Doronina-Amitonova2011,
author={Doronina-Amitonova, L.V. and Fedotov, I.V. and Ivashkina, O.I. and Zots, M.A. and Fedotov, A.B. and Anokhin, K.V. and Zheltikov, A.M.},
title={Photonic-crystal-fiber platform for multicolor multilabel neurophotonic studies},
journal={Applied Physics Letters},
year={2011},
volume={98},
number={25},
doi={10.1063/1.3595419},
art_number={253706},
note={cited By 15},
url={https://www.scopus.com/inward/record.uri?eid=2-s2.0-79959586149&partnerID=40&md5=e1a3fbde92c255e1541133912e2e503c},
document_type={Article},
source={Scopus},
}

@ARTICLE{Doronina-Amitonova2010660,
author={Doronina-Amitonova, L.V. and Fedotov, I.V. and Ivashkina, O.I. and Zots, M.A. and Fedotov, A.B. and Anokhin, K.V. and Zheltikov, A.M.},
title={Fiber-optic probes for in vivo depth-resolved neuron-activity mapping},
journal={Journal of Biophotonics},
year={2010},
volume={3},
number={10-11},
pages={660-669},
doi={10.1002/jbio.201000041},
note={cited By 12},
url={https://www.scopus.com/inward/record.uri?eid=2-s2.0-77957371816&partnerID=40&md5=200e2c8672b1f9c600c1592be0307566},
document_type={Article},
source={Scopus},
}

@ARTICLE{Tokarev2011,
author={Tokarev, K. and Tiunova, A. and Scharff, C. and Anokhin, K.},
title={Food for song: Expression of C-Fos and ZENK in the zebra finch song nuclei during food aversion learning},
journal={PLoS ONE},
year={2011},
volume={6},
number={6},
doi={10.1371/journal.pone.0021157},
art_number={e21157},
note={cited By 11},
url={https://www.scopus.com/inward/record.uri?eid=2-s2.0-79958734874&partnerID=40&md5=96c83cfc5bf15d3f26e1ad91ac53e680},
document_type={Article},
source={Scopus},
}

@ARTICLE{Voronin2011508,
author={Voronin, A.A. and Fedotov, I.V. and Doronina-Amitonova, L.V. and Ivashkina, O.I. and Zots, M.A. and Fedotov, A.B. and Anokhin, K.V. and Zheltikov, A.M.},
title={Ionization penalty in nonlinear Raman neuroimaging},
journal={Optics Letters},
year={2011},
volume={36},
number={4},
pages={508-510},
doi={10.1364/OL.36.000508},
note={cited By 10},
url={https://www.scopus.com/inward/record.uri?eid=2-s2.0-79952157797&partnerID=40&md5=fcec2987c02efd2c92a1427ebeaa8bad},
document_type={Article},
source={Scopus},
}

@ARTICLE{Andreev-Andrievsky201414,
author={Andreev-Andrievsky, A.A. and Shenkman, B.S. and Popova, A.S. and Dolguikh, O.N. and Anokhin, K.V. and Soldatov, P.E. and Ilyin, E.A. and Sychev, V.N.},
title={Experimental studies with mice on the program of the biosatellite BION-M1 mission},
journal={Aviakosmicheskaya i Ekologicheskaya Meditsina},
year={2014},
volume={48},
number={1},
pages={14-27},
note={cited By 8},
url={https://www.scopus.com/inward/record.uri?eid=2-s2.0-84903195512&partnerID=40&md5=b2eaaa1f9f199189bbf93f7030513c86},
document_type={Article},
source={Scopus},
}
