@book{Vorontcov2005,
author = {Воронцов, К. В.},
file = {:C$\backslash$:/Users/sanek/Documents/Mendeley Desktop/Unknown/2005/Воронцов - 2005.pdf:pdf},
isbn = {0123456789},
language = {russian},
mendeley-groups = {Others/Latex},
pages = {59},
title = {{LATEX 2e в примерах}},
year = {2005}
}

@book{Lvovskyy2003,
	author = {Львовский, С. М.},
	edition = {3-е изд.},
	file = {:C$\backslash$:/Users/sanek/Documents/Mendeley Desktop/Unknown/2003/Львовский - 2003.pdf:pdf},
	language = {russian},
	pages = {448},
	title = {{Набор и вёрстка в системе LaTeX}},
	year = {2003}
}


@book{Knut2003,
	address = {М.},
	author = {Кнут, Д.},
	pages = {560},
	publisher = {Издательский дом "Вильямс"},
	language = {russian},
	title = {{Все про TeX}},
	year = {2003}
}

@online{WinNT,
	author = {Wikibooks},
	title = {LaTeX/Basics},
	year = 2017,
	url = {https://en.wikibooks.org/wiki/LaTeX/Basics},
	urldate = {2017-11-08}
}
